=LDR  01506cam a2200349 a 4500
=001  1014188
=003  NjP
=005  20190705143014.0
=008  951107s1946\\\\ir\\\\\\\\\\\\000\0\ara\d
=024  7\$aprinceton_aco004230$2local
=040  \\$aNjP$cPUL$dPUL
=035  \\$a(CStRLIN)NJPG95-B69888
=035  \\$9CBY7083TS
=035  \\$a(NjP)1014188
=049  \\$aPULL
=035  \\$a(OCoLC)ocm33498465
=100  1\$6880-01$aʻĀmilī, Muḥsin al-Ḥusaynī,$d1865-1952.$0http://id.loc.gov/authorities/names/n79091934
=245  13$6880-02$aal-Durr al-thamīn fī ahamm mā yajibu maʻrifatuhu ʻalá al-Muslimīn /$ctaʼlīf Muḥsin al-Amīn al-Ḥusaynī al-ʻĀmilī.
=260  \\$6880-03$aṬihrān :$bMaktabat Naynawī al-Ḥadīthah,$c1946.
=300  \\$a74 p. ;$c17 cm.
=650  \0$aIslam$xDoctrines.$0http://id.loc.gov/authorities/subjects/sh85068396
=880  1\$6100-01/r$aعاملي، محسن الحسيني،$d1865-1952.
=880  12$6245-02/r$aالدر الثمين في اهم ما يجب معرفته على المسلمين /$cتأليف محسن الامين الحسيني العاملي.
=880  \\$6260-03/r$aطهران :$bمكتبة نينوي الحديثة،$c1946.
=998  \\$a11/07/95$s9114$nNjP$d11/07/95$cKC$bKC$i951107$lNJPG
=911  \\$a19951116
=912  \\$a19951107000000.0
=994  \\$aC0$bPUL
=999  \\$a1014188
=979  \\$a(OCoLC)ocn176281784
=852  00$01170597$brcppa$t1$hBP166$i.A54 1946$xtr fr arab
=959  \\$a2000-06-13 00:00:00 -0500

