=LDR  00906cam a2200265 a 4500
=001  1016174
=003  NjP
=005  20171027095414.0
=008  951116s1989\\\\ir\\\\\\\\\\\\000\0\ara\d
=024  7\$aprinceton_aco003408$2local
=035  \\$a(OCoLC)33806407
=035  \\$a(CStRLIN)NJPG95-B72324
=035  \\$9CBY9131TS
=040  \\$aNjP$cNjP
=100  1\$aShīrāzī, Muḥammad Riḍā.
=245  13$aal-Tartīb /$cMuḥammad Riḍā al-Shīrāzī.
=250  \\$aal-Ṭabʻah 1.
=260  \\$aQum :$bMarkaz al-Fikr al-Islāmī,$c1368 [1989]
=300  \\$a198 p. ;$c23 cm.
=650  \0$aIslamic law$xInterpretation and construction.$0http://id.loc.gov/authorities/subjects/sh85068455
=998  \\$a11/16/95$s9114$nNjP$d11/16/95$cKC$bKC$i951116$lNJPG
=911  \\$a19951123
=912  \\$a19951116000000.0
=852  80$01172748$brcppa$t1$hKBL$i.S5485 1989$xtr fr arab
=959  \\$a2000-06-13 00:00:00 -0400

