=LDR  01084cam a2200277 a 4500
=001  1022829
=003  NjP
=005  20120901141155.0
=008  951211s1964\\\\iq\\\\\\\\\\\\000\0\ara\d
=024  7\$aprinceton_aco002898$2local
=035  \\$a(OCoLC)33960551
=035  \\$a(CStRLIN)NJPG95-B77711
=035  \\$9CBZ6856TS
=040  \\$aNjP$cNjP
=100  1\$aSāmarrāʾī, ʻAbd al-ʻAzīz ibn Sālim.
=245  14$aal-ʻAqāʾid al-Islāmīyah wa-al-akhlāq al-Muḥmammadīyah :$bsharḥ al-maqṣadayn al-awwal wa-al sābiʻ wa-al-khātimah min al-Maqāṣid al-sabʻah al-Nawawīyah /$cʻAbd al-ʻAzīz ibn Sālim al-Sāmarrāʾī.
=250  \\$aal-Ṭabʻah 1.
=260  \\$a[Baghdad? :$bMaṭbaʻat al-ʻĀnī],$c1964.
=300  \\$a79 p. ;$c25 cm.
=600  1\$aNawawī,$d1233-1277.$tMaqāṣid al-sabʻah.
=998  \\$a12/13/95$s9124$nNjP$wNJPG95B77711$d12/11/95$cNHD$bJYN$i951213$lNJPG
=948  \\$aCON
=911  \\$a19951221
=912  \\$a19951213000000.0
=852  00$01181334$brcppa$t1$hBP136.8$i.S263 1964$xtr fr nec
=959  \\$a2009-07-01 09:32:29 -0500

