=LDR  01927cam a2200433 a 4500
=001  1023542
=003  NjP
=005  20171027095840.0
=008  951213s1976\\\\ir\\\\\\\\\\\\000\0\ara\d
=024  7\$aprinceton_aco003012$2local
=035  \\$a(OCoLC)ocn176309609
=040  \\$aNjP$cPUL$dPUL
=035  \\$a(OCoLC)176309609
=035  \\$a(CStRLIN)NJPG95-B78461
=035  \\$9CBZ7577TS
=035  \\$a(NjP)1023542
=079  \\$aocm33960441
=049  \\$aPULL
=100  1\$6880-01$aDhihnī al-Ṭihrānī, Muḥammad Jawād.
=240  10$6880-02$aRisālah fī ṣalāh al-Jumʻah
=245  10$6880-03$aHādhihi Risālah fī ṣalāh al-Jumʻah :$btaqrīran li-baḥth ustādhinā ... Muḥammad Taqī al-Majlisī al-Iṣfahānī /$cbi-qalam Muḥammad Jawād al-Dhihnī al-Ṭihrānī.
=246  10$6880-04$aRisālah fī ṣalāh al-Jumʻah
=260  \\$6880-05$a[Iran :$bs.n.],$c1396 [1976]
=300  \\$a87 p. ;$c24 cm.
=650  \0$aPrayer$xIslam.$0http://id.loc.gov/authorities/subjects/sh85106123
=700  1\$6880-06$aMajlisī al-Iṣfahānī, Muḥammad Taqī.
=880  1\$6100-01/r$aذهني الطهراني، محمد جواد.
=880  10$6240-02/r$aرسالة في صلاة الجمعة
=880  10$6245-03/r$aهذه رسالة في صلاة الجمعة :$bتقريرن لبحث استاذنا ... محمد تقي المجلسي الاصفهاني /$cبقلم محمد جواد الذهني الطهراني.
=880  10$6246-04/r$aرسالة في صلاة الجمعة
=880  \\$6260-05/r$a[ايران :$bs.n.]،$c1396 [1976]
=880  1\$6700-06/r$aمجلسي الاصفهاني، محمد تقي.
=998  \\$a12/13/95$s9124$nNjP$d12/13/95$cKC$bKC$i951213$lNJPG
=911  \\$a19951221
=912  \\$a19951213000000.0
=994  \\$aC0$bPUL
=999  \\$a1023542
=852  00$01182094$brcppa$t1$hBP178$i.D443 1976$xtr fr arab
=959  \\$a2000-06-13 00:00:00 -0500

