=LDR  01516cam a2200409 a 4500
=001  1025669
=003  NjP
=005  20171027095937.0
=008  951214s1984\\\\ir\\\\\\\b\\\\000\0\ara\d
=024  7\$aprinceton_aco002926$2local
=035  \\$a(OCoLC)ocn176315964
=040  \\$aNjP$cPUL$dPUL
=035  \\$a(OCoLC)176315964
=035  \\$a(CStRLIN)NJPG95-B78725
=035  \\$9CBZ9988TS
=035  \\$a(NjP)1025669
=079  \\$aocm34031386
=049  \\$aPULL
=100  1\$6880-01$aQirāʼatī, Muḥsin.
=245  10$6880-02$aDurūs min al-Qurʼān /$cMuḥsin Qirāʼatī.
=250  \\$6880-03$aal-Ṭabʻah 1.
=260  \\$6880-04$a[Qom] :$bMaktab al-Iʻlām al-Islāmī,$c1404 [1984]
=300  \\$a332 p. ;$c22 cm.
=504  \\$aIncludes bibliographical references.
=650  \0$aIslam$xDoctrines.$0http://id.loc.gov/authorities/subjects/sh85068396
=630  00$aQurʼan$xCriticism, interpretation, etc.$0http://id.loc.gov/authorities/subjects/sh85072959
=880  1\$6100-01/r$aقراءتي، محسن.
=880  10$6245-02/r$aدروس من القرآن /$cمحسن قراءتي.
=880  \\$6250-03/r$aالطبعة 1.
=880  \\$6260-04/r$a[قم] :$bمكتب الاعلام الاسلامي،$c1404 [1984]
=998  \\$a01/05/96$s9114$nNjP$wNJPG95B78725$d12/14/95$cAAH$bAAH$i960105$lNJPG
=911  \\$a19960111
=912  \\$a19960105000000.0
=994  \\$aC0$bPUL
=999  \\$a1025669
=852  00$01184391$brcppa$t1$hBP165.5$i.Q573 1984$xtr fr arab
=959  \\$a2000-06-13 00:00:00 -0500

