=LDR  01637cam a2200397 a 4500
=001  1025682
=003  NjP
=005  20190705143044.0
=008  951221s1976\\\\ir\h\\\\\b\\\\000\0\ara\d
=024  7\$aprinceton_aco003926$2local
=040  \\$aNjP$cPUL$dPUL
=035  \\$a(CStRLIN)NJPG95-B79657
=035  \\$9CCA0001TS
=035  \\$a(NjP)1025682
=049  \\$aPULL
=035  \\$a(OCoLC)ocm34031440
=100  1\$6880-01$aSharīʻatī al-Iṣfahānī, Muḥammad Bāqir.
=245  10$6880-02$aMuntakhab al-mawāʻiẓ /$ctaʼlīf Muḥammad Bāqir al-Sharīʻatī al-Iṣfahānī.
=260  \\$6880-03$aQum, Īrān :$bMaktabat al-Dāwarī,$c1397 [1976 or 1977]
=300  \\$a268 p. :$bfacsims. ;$c25 cm.
=504  \\$aIncludes bibliographical references (p. [12]-[13]).
=650  \0$aIslamic sermons, Arabic.$0http://id.loc.gov/authorities/subjects/sh85068482
=650  \0$aIslamic preaching.$0http://id.loc.gov/authorities/subjects/sh85106180
=650  \0$6880-04$aHadith.
=880  1\$6100-01/r$aشريعتي الاصفهاني، محمد باقر.
=880  10$6245-02/r$aمنتخب المواعظ /$cتأليف محمد باقر الشريعتي الاصفهاني.
=880  \\$6260-03/r$aقم، ايران :$bمكتبة الداوري،$c1397 [1976 or 1977]
=880  \0$6650-04/r$aهدث.
=998  \\$a01/05/96$s9114$nNjP$wNJPG95B79657$d12/21/95$cAAH$bAAH$i960105$lNJPG
=911  \\$a19960111
=912  \\$a19960105000000.0
=994  \\$aC0$bPUL
=999  \\$a1025682
=979  \\$a(OCoLC)ocn176315999
=852  00$01184404$brcppa$t1$hBP183.6$i.S327 1976$xtr fr nec
=959  \\$a2000-06-13 00:00:00 -0400

