=LDR  01480cam a2200397 a 4500
=001  1025685
=003  NjP
=005  20171027095937.0
=008  951221s1984\\\\ir\\\\\\\\\\\\000\0\ara\d
=024  7\$aprinceton_aco002853$2local
=035  \\$a(OCoLC)ocn176316007
=040  \\$aNjP$cPUL$dPUL
=035  \\$a(OCoLC)176316007
=035  \\$a(CStRLIN)NJPG95-B79717
=035  \\$9CCA0004TS
=035  \\$a(NjP)1025685
=079  \\$aocm27660548
=049  \\$aPULL
=100  1\$6880-01$aMudarrisī, Muḥammad Taqī.
=245  13$6880-02$aal-Baʻth al-Islāmī /$cMuḥammad Taqī al-Mudarrisī.
=250  \\$6880-03$aal-Ṭabʻah 1.
=260  \\$6880-04$a[Iran] :$bal-Markaz al-Thaqāfī al-Islāmī,$c1984.
=300  \\$a348 p. ;$c24 cm.
=650  \0$aIslam$y20th century.$0http://id.loc.gov/authorities/subjects/sh85068392
=650  \0$aIslam and science.$0http://id.loc.gov/authorities/subjects/sh85068424
=880  1\$6100-01/r$aمدرسي، محمد تقي.
=880  12$6245-02/r$aالبعث الاسلامي /$cمحمد تقي المدرسي.
=880  \\$6250-03/r$aالطبعة 1.
=880  \\$6260-04/r$a[ايران] :$bالمركز الثقافي الاسلامي،$c1984.
=998  \\$a01/05/96$s9114$nNjP$wNJPG95B79717$d12/21/95$cAAH$bAAH$i960105$lNJPG
=911  \\$a19960111
=912  \\$a19960105000000.0
=994  \\$aC0$bPUL
=999  \\$a1025685
=852  00$01184407$brcppa$t1$hBP161.2$i.M823 1984$xtr fr arab
=959  \\$a2000-06-13 00:00:00 -0500

