=LDR  01889cam a2200445 a 4500
=001  1027651
=003  NjP
=005  20171027100047.0
=008  960102s1990\\\\ir\\\\\\\b\\\\000\0bara\d
=024  7\$aprinceton_aco003253$2local
=035  \\$a(OCoLC)ocn176321655
=040  \\$aNjP$cPUL$dPUL
=035  \\$a(OCoLC)176321655
=035  \\$a(CStRLIN)NJPG96-B0
=035  \\$9CCA2036TS
=035  \\$a(NjP)1027651
=079  \\$aocm34094853
=049  \\$aPULL
=100  1\$6880-01$aMudarrisī, Muḥammad Taqī.
=245  13$6880-02$aal-Imām al-Sajjād, ʻalayhi al-salām, qudwah wa-uswah /$c[Muḥammad Taqī al-Mudarrisī]
=246  13$6880-03$aImām al-Sajjād (ʻA) qudwah wa-uswah
=250  \\$6880-04$aal-Ṭabʻah 1.
=260  \\$6880-05$a[Iran] :$bMaktab al-al-ʻAllāmah al-Mudarrisī,$c1410 [1990]
=300  \\$a96 p. ;$c22 cm.
=504  \\$aIncludes bibliographical references.
=600  00$6880-06$aZayn al-ʻĀbidīn ʻAlī ibn al-Ḥusayn,$d-710?$0http://id.loc.gov/authorities/names/n84007864
=650  \0$aImams (Shiites)$xBiography.$0http://id.loc.gov/authorities/subjects/sh2008104277
=880  1\$6100-01/r$aمدرسي، محمد تقي.
=880  12$6245-02/r$aالامام السجاد، عليه السلام، قدوة واسوة /$c[محمد تقي المدرسي]
=880  13$6246-03/r$aامام السجاد (ع) قدوة واسوة
=880  \\$6250-04/r$aالطبعة 1.
=880  \\$6260-05/r$a[ايران] :$bمكتب الالعلامة المدرسي،$c1410 [1990]
=880  04$6600-06/r$aزين العابدين علي بن الحسين،$d-710?
=998  \\$a01/16/96$s9114$nNjP$wNJPG96B0$d01/02/96$cAAH$bAND$i960116$lNJPG
=911  \\$a19960125
=912  \\$a19960116000000.0
=994  \\$aC0$bPUL
=999  \\$a1027651
=852  00$01186581$brcppa$t1$hBP193.14.A3$iM823 1990$xtr fr arab
=959  \\$a2000-06-13 00:00:00 -0400

