=LDR  01933cam a2200457 a 4500
=001  1045865
=003  NjP
=005  20171027101047.0
=008  951221s1990\\\\ir\\\\\\\b\\\\000\0bara\d
=024  7\$aprinceton_aco003100$2local
=035  \\$a(OCoLC)ocn176382510
=035  \\$a(OCoLC)34562235
=040  \\$aNjP$cPUL$dPUL
=035  \\$a(OCoLC)176382510
=035  \\$a(CStRLIN)NJPG95-B79953
=035  \\$9CCC2967TS
=035  \\$a(NjP)1045865
=079  \\$aocm34562235
=049  \\$aPULL
=100  1\$6880-01$aṢābirī Hamadānī, Aḥmad.
=245  13$6880-02$aal-Mahdī ʻalá lisān al-Ḥusayn, ʻalayhi al-salām /$ctaʼlīf Aḥmad al-Ṣābirī al-Hamadānī.
=250  \\$6880-03$aal-Ṭabʻah 1.
=260  \\$6880-04$aQum :$bMaktabat al-Maʻārif al-Islāmīyah,$c1411 [1990]
=300  \\$a44 p. ;$c21 cm.
=504  \\$aIncludes bibliographical references.
=600  10$6880-05$aMahdī, Muḥammad ibn al-Ḥasan,$db. 869.$0http://id.loc.gov/authorities/names/n84077035
=650  \0$aImams (Shiites)$xBiography.$0http://id.loc.gov/authorities/subjects/sh2008104277
=650  \0$aMahdism.$0http://id.loc.gov/authorities/subjects/sh85079850
=600  00$aḤusayn ibn ʻAlī,$dd. 680$xHadith.
=880  1\$6100-01/r$aصابري همداني، احمد.
=880  12$6245-02/r$aالمهدي على لسان الحسين، عليه السلام /$cتأليف احمد الصابري الهمداني.
=880  \\$6250-03/r$aالطبعة 1.
=880  \\$6260-04/r$aقم :$bمكتبة المعارف الاسلامية،$c1411 [1990]
=880  10$6600-05/r$aمهدي، محمد بن الحسن،$dب. 869.
=998  \\$a04/03/96$s9114$nNjP$wNJPG95B79953$d12/21/95$cAAH$bAAH$i960403$lNJPG
=911  \\$a19960411
=912  \\$a19960403000000.0
=994  \\$aC0$bPUL
=999  \\$a1045865
=852  00$01206146$brcppa$t1$hBP193.22$i.S224 1990$xtr fr arab
=959  \\$a2000-06-13 00:00:00 -0500

