=LDR  01026cam a2200301 a 4500
=001  1045893
=003  NjP
=005  20171027101048.0
=008  960327m19909999ir\\\\\\\b\\\\00\\0\ara\d
=024  7\$aprinceton_aco002633$2local
=035  \\$a(OCoLC)34562257
=035  \\$a(CStRLIN)NJPG96-B17252
=035  \\$9CCC2995TS
=040  \\$aNjP$cNjP
=110  2\$aBalagh Foundation.$0http://id.loc.gov/authorities/names/nr90013921
=245  10$aTafsīr al-Qurān al-Karīm /$cMuʼassasat al-Balāgh.
=250  \\$aal-Ṭabʻah 1.
=260  \\$aṬihrān :$bMuʼassasat al-Balāgh,$c1990-
=300  \\$a152 p. ;$c24 cm.
=504  \\$aIncludes bibliographical references.
=630  00$aQurʼan$xCommentaries.
=998  \\$a04/02/96$s9114$nNjP$wNJPG96B17252$d03/27/96$cAAH$bAAH$i960402$lNJPG
=911  \\$a19960411
=912  \\$a19960402000000.0
=852  01$01206175$brcppa$t1$hBP130.4$i.B343 1990$xtr fr arab
=866  \0$01206175$80$aal-juzʾ 29
=866  \0$01206175$80$zDESIGNATOR: al-juzʾ
=959  \\$a2000-06-13 00:00:00 -0500

