=LDR  01989cam a2200517 a 4500
=001  1068292
=003  NjP
=005  20190705143213.0
=008  960710s1873\\\\le\\\\\\\\\\\f000\0\ara\d
=024  7\$aprinceton_aco003689$2local
=035  \\$a(CStRLIN)NJPG96-B37842
=035  \\$9CCE7511TS
=035  \\$a(NjP)1068292
=040  \\$aMH-L$cPUL$dPUL
=041  1\$aaraota$hota
=043  \\$aa-sy---$aa-tu---
=049  \\$aPULL
=019  \\$a35114106
=035  \\$a(OCoLC)ocm25460117$z(OCoLC)ocm35114106
=245  00$6880-01$aMin al-dustūr al-jadīd /$cturjima bi-qalam Niqūlā al-Naqqāsh.
=246  3\$aMin ül-düstür il-cedit
=260  \\$6880-02$aBayrūt :$bMaṭbaʻat al-Ābāʼ al-Yāsūʻīyyīn,$c1873.
=300  \\$a268 p. ;$c23 cm.
=546  \\$aTurkish in Arabic script and Arabic.
=500  \\$aPrinceton copy 1 has ms. annotations in Arabic.
=650  \0$aLaw$zSyria$xSources.
=650  \0$aLand tenure$xLaw and legislation$zSyria.
=650  \0$aReal property$zSyria.
=700  1\$6880-03$aNaqqāsh, Niqūlā ibn Ilya̲s,$d1824 or 5-1894 or 5.
=740  0\$aKânunnâme-yi arâzî.
=740  0\$6880-04$aQānūn al-arāḍī.
=856  4\$uhttp://hdl.handle.net/2027/njp.32101076360955
=880  00$6245-01/r$aمن الدستور الجديد /$cترجم بقلم نقولا النقاش.
=880  \\$6260-02/r$aبيروت :$bمطبعة الاباء الياسوعييين،$c1873.
=880  1\$6700-03/r$aنقاش، نقولا بن الياس،$d1824 or 5-1894 or 5.
=880  0\$6740-04/r$aقانون الاراضي.
=998  \\$a07/10/96$s9114$nNjP$wMAHL92B844$d07/10/96$cRS$bRS$i960710$lNJPG
=911  \\$a19960718
=912  \\$a19960710000000.0
=994  \\$aC0$bPUL
=999  \\$a1068292
=979  \\$a(OCoLC)ocn176519534
=852  00$01230039$brcppa$t1$hKMU68.3$i.A28 1873$xtr fr sy
=866  \0$01230039$zPrinceton copy 1
=852  8\$08687523$belf1$hElectronic Resource
=959  \\$a2000-06-08 00:00:00 -0400

