=LDR  01226cam a2200289 a 4500
=001  1074350
=003  NjP
=005  20170905110534.0
=008  960129s1978\\\\ir\\\\\\\b\\\\00\10\ara\d
=024  7\$aprinceton_aco002247$2local
=035  \\$a(OCoLC)35215940
=035  \\$a(CStRLIN)NJPG96-B5190
=035  \\$9CCF4375TS
=035  \\$a1074350
=040  \\$aNjP$cNjP
=100  1\$aSīrjānī, Muḥammad al-Raḥmatī.
=245  10$aMabānī irth al-minhāj fī sharḥ risālat irth Minhāj al-ṣāliḥīn /$cli-muʾallifihi Muḥammad al-Raḥmatī al-Sīrjānī ; taṣnīf Muḥsin al-Ṭabāṭabāʾī al-Ḥakīm.
=260  \\$aQum :$bal-Maṭbaʻah al-Islāmīyah,$c1398 [1977 or 1978]
=300  \\$a380 p. ;$c22 cm.
=504  \\$aIncludes bibliographical references.
=600  20$aṬabāṭabāʾī al-Ḥakīm, Muḥsin ibn Mahdī.$tMinhāj al-ṣāliḥīn.
=650  \0$aInheritance and succession (Islamic law)$0http://id.loc.gov/authorities/subjects/sh85066384
=998  \\$a07/31/96$s9114$nNjP$wNJPG96B5190$d01/29/96$cNHD$bKC$i960731$lNJPG
=911  \\$a19960808
=912  \\$a19960731000000.0
=852  00$01236541$bnec$t1$hKBP370.T333$iS575 1977
=959  \\$a2000-06-13 00:00:00 -0400

