=LDR  01501cam a2200337 a 4500
=001  1088632
=003  NjP
=005  20171030094926.0
=008  961004s1900\\\\mr\\\\\\\\\\\\000|0\ara\d
=024  7\$aprinceton_aco004285$2local
=035  \\$a(OCoLC)35725733
=035  \\$a(CStRLIN)NJPG96-B56335
=035  \\$9CCH0162TS
=040  \\$aNjP$cNjP
=043  \\$af-mr---
=100  1\$aʻAlamī, ʻAbd al-Salām ibn Muḥammad,$d1830 or 1831-1905 or 1906.$0http://id.loc.gov/authorities/names/nr92031066
=245  10$aḌiyāʼ al-nibrās fī ḥall mufradāt al-Anṭākī bi-lughat Fās /$clil-faqīh ʻAbd al-Salām ibn Sayyid Muḥammad al-ʻAlamī al-Ḥusaynī.
=260  \\$a[Morocco? :$bs.n.],$c1318 [1900]
=300  \\$a136 p. ;$c23 cm.
=590  \\$aPrinceton's copy housed in portfolio (34 cm.)
=600  10$aAnṭākī, Dāwūd ibn ʻUmar,$dd. 1599.$tTadhkirat ūlī al-albāb wa-al-jāmiʻ lil-ʻajab al-ʻujāb.
=650  \0$aMedicine, Arab$xTerminology.
=650  \0$aArabic language$xGlossaries, vocabularies, etc.$0http://id.loc.gov/authorities/subjects/sh2007101227
=650  \0$aArabic language$xDialects$zMorocco$zFès.
=856  4\$uhttp://hdl.handle.net/2027/njp.32101064471277
=998  \\$a10/04/96$s9114$nNjP$d10/04/96$cJEB$bJEB$i961004$lNJPG
=911  \\$a19961017
=912  \\$a20000117033812.0
=852  80$01251934$brcppa$t1$cOversize$h2264.119.555 1900q$xtr fr anxa
=852  8\$08687667$belf1$hElectronic Resource
=959  \\$a2000-06-08 00:00:00 -0500

