=LDR  01703cam a2200421Ma 4500
=001  1089431
=003  NjP
=005  20171030094953.0
=008  961008s1963\\\\ir\\\\\\\b\\\\000\0\ara\d
=024  7\$aprinceton_aco003021$2local
=035  \\$a(OCoLC)ocm35764022
=035  \\$a(OCoLC)ocn317721233
=035  \\$a(CStRLIN)NJPG96-B56893
=035  \\$9CCH0964TS
=035  \\$a(OCoLC)317721233
=040  \\$aPUL$cPUL
=066  \\$c(3
=035  \\$a(OCoLC)35764022
=050  14$aBP188.15$b.D377 1964
=049  \\$aPULL
=110  2\$6880-01$aDar Rāh-i Ḥaqq (Institute).$bHayʾat-i Taḥrīrīyah.
=245  10$6880-02$aNaḥwa ḥayāh afḍal /$cLajnat al-Taḥrīr [Fī Ṭarīq al-Ḥaqq] ; al-mutarjim Muḥammad ʻAlī al-Taskhīrī.
=250  \\$6880-03$aal-Ṭabʻah 1.
=260  \\$6880-04$aQum :$bMuʾassasat Fī Ṭarīq al-Ḥaqq,$c1342 [1963]
=300  \\$a272 p. ;$c21 cm.
=500  \\$a"55"--Cover p.
=500  \\$aCover title.
=504  \\$aIncludes bibliographical references.
=650  \0$aMuslims$xConduct of life.$0http://id.loc.gov/authorities/subjects/sh2008107464
=650  \0$aIslam$xDoctrines.$0http://id.loc.gov/authorities/subjects/sh85068396
=880  2\$6110-01/(3/r$aدر راه حق.$bهيئة تحريرية.
=880  10$6245-02/(3/r$aنحو حياة أفضل /$cلجنة التحرير [في طريق الحق] ؛ المترجم محمد علي التسخيري.
=880  \\$6250-03/(3/r$aالطبعة ١.
=880  \\$6260-04/(3/r$aقم :$bمؤسسة في طريق الحق،$c١٣٤٢ [١٩٦٣]
=994  \\$aC0$bPUL
=999  \\$a1089431
=852  00$01252823$brcppa$t1$hBP188.15$i.D377 1964$xtr fr arab
=959  \\$a2000-06-13 00:00:00 -0500

