=LDR  01689cam a2200445 a 4500
=001  1089436
=003  NjP
=005  20171030094953.0
=008  961008s1990\\\\ir\\\\\\\\\\\\000\0\ara\d
=024  7\$aprinceton_aco002732$2local
=035  \\$a(OCoLC)ocn176379974
=040  \\$aNjP$cPUL$dPUL
=035  \\$a(OCoLC)176379974
=035  \\$a(CStRLIN)NJPG96-B56898
=035  \\$9CCH0969TS
=035  \\$a(NjP)1089436
=043  \\$aa-ir---
=079  \\$aocm35764025
=049  \\$aPULL
=100  1\$6880-01$aNūrī, Fāḍil.
=245  13$6880-02$aal-Imām al-Khumaynī :$btajsīd al-khuluq al-Islāmī /$cFāḍil al-Nūrī.
=250  \\$6880-03$aal-Ṭabʻah 1.
=260  \\$6880-04$aṬihrān :$bMunaẓẓamat al-Iʻlām al-Islāmī,$c1990.
=300  \\$a210 p. ;$c21 cm.
=500  \\$a"377."
=600  10$aKhomeini, Ruhollah.$0http://id.loc.gov/authorities/names/n79119039
=650  \0$aShīʻah$xDoctrines.$0http://id.loc.gov/authorities/subjects/sh85121391
=650  \0$aMuslims$zIran$xBiography.
=651  \0$aIran$xPolitics and government.$0http://id.loc.gov/authorities/subjects/sh85067909
=880  1\$6100-01/r$aنوري، فاضل.
=880  12$6245-02/r$aالامام الخميني :$bتجسيد الخلق الاسلامي /$cفاضل النوري.
=880  \\$6250-03/r$aالطبعة 1.
=880  \\$6260-04/r$aطهران :$bمنظمة الاعلام الاسلامي،$c1990.
=998  \\$a10/08/96$s9114$nNjP$d10/08/96$cKC$bKC$i961008$lNJPG
=911  \\$a19961018
=912  \\$a19961008000000.0
=994  \\$aC0$bPUL
=999  \\$a1089436
=852  00$01252832$brcppa$t1$hBP80.K49$iN874 1990$xtr fr arab
=959  \\$a2000-06-13 00:00:00 -0500

