=LDR  02381cam a2200457 a 4500
=001  1120417
=003  NjP
=005  20190705143330.0
=008  970225q19001994ir\\\\\\\\\\\\000\0\ara\d
=024  7\$aprinceton_aco004614$2local
=040  \\$aNjP$cPUL$dPUL
=035  \\$a(CStRLIN)NJPG97-B11849
=035  \\$9CCL7004TS
=035  \\$a(NjP)1120417
=049  \\$aPULL
=035  \\$a(OCoLC)ocm36537034
=100  1\$6880-01$aKaramī, Muḥammad.
=245  10$6880-02$aḤall al-ṭalāsim min sharḥ al-Alfīyah li-Ibn al-Nāẓim ; wa-fī ākhirihi al-Tuḥfah al-Muḥammadīyah bi-kulliyāt al-qawāʻid al-naḥwīyah /$cbi-qalam Muḥammad al-Karamī.
=260  \\$a[Qom :$bs.n.,$c19--]
=300  \\$a312 p. ;$c24 cm.
=500  \\$6880-03$a"Fī hādhā al-kitāb ḥall al-rumūz sharḥ Alfīyat Ibn al-Nāẓim bi-taḥqīq wa-ʻumq."
=600  10$6880-04$aIbn Mālik, Muḥammad ibn ʻAbd Allāh,$dd. 1274.$tAlfīyah.$0http://id.loc.gov/authorities/names/n83056203
=600  10$6880-05$aIbn al-Nāẓim, Muḥammad ibn Muḥammad,$dd. 1287 or 8.$tSharḥ al-Alfīyah.
=650  \0$aArabic language$xGrammar$xEarly works to 1800.$0http://id.loc.gov/authorities/subjects/sh86000284
=700  12$6880-06$aKaramī, Muḥammad.$tTuḥfah al-Muḥammadīyah.
=740  0\$6880-07$aTuḥfah al-Muḥammadīyah.
=880  1\$6100-01/r$aكرمي، محمد.
=880  10$6245-02/r$aحل الطلاسم من شرح الالفية لابن الناظم ؛ وفي آخره التحفة المحمدية بكليات القواعد النحوية /$cبقلم محمد الكرمي.
=880  \\$6500-03/r$a"في هذه الكتاب حل الرموز شرح الفية ابن الناظم بتحقيق وعمق."
=880  10$6600-04/r$aابن مالك، محمد بن عبد الله،$dd. 1274.$tالفية.
=880  10$6600-05/r$aابن الناظم، محمد بن محمد،$dd. 1287 or 8.$tشرح الالفية.
=880  12$6700-06/r$aكرمي، محمد.$tتحفة المحمدية.
=880  0\$6740-07/r$aتحفة المحمدية.
=998  \\$a02/25/97$s9114$nNjP$d02/25/97$cKC$bKC$i970225$lNJPG
=911  \\$a19970306
=912  \\$a19970225000000.0
=994  \\$aC0$bPUL
=999  \\$a1120417
=979  \\$a(OCoLC)ocn176574677
=852  80$01286034$brcppa$t1$h2272.66548.753 1900z$xtr fr f
=959  \\$a2000-06-13 00:00:00 -0500

