=LDR  05036cam a2200481 a 4500
=001  1135618
=003  NjP
=005  20170605125952.0
=008  950602s1895\\\\ua\a\\\\\\\\\\000\0\ara\d
=024  7\$aprinceton_aco002508$2local
=035  \\$a(OCoLC)ocn176681102
=035  \\$a(OCoLC)176681102
=035  \\$a(CStRLIN)NJPG95-B34291
=035  \\$9CCN3128TS
=035  \\$a(NjP)1135618
=040  \\$aNjP$cPUL$dPUL
=049  \\$aPULL
=079  \\$aocm36849285
=100  1\$6880-01$aIbn al-Wardī, Zayn al-Dīn ʻUmar ibn al-Muẓaffar,$d-1349.$0http://id.loc.gov/authorities/names/n88250340
=240  10$aKharīdat al-ʻajāʼib wa-farīdat al-gharāʼib
=245  10$aHādhā Kitāb Kharīdat al-ʻajāʼib wa-farīdat al-gharāʼib al-jāmiʻ li-mā huwa li-ṭarf al-dahr ḥawar wa-li-jīd al-zamān ʻiqd durar /$cli-muʼallifihi Sirāj al-Dīn Abī Ḥafṣ ʻUmar ibn al-Wardī.
=246  3\$aKitāb Kharīdat al-ʻajāʼib wa-farīdat al-gharāʼib al-jāmiʻ li-mā huwa li-ṭarf al-dahr ḥawar wa-li-jīd al-zamān ʻiqd durar
=246  3\$6880-02$aKharīdat al-ʻajāʼib wa-farīdat al-gharāʼib
=260  \\$6880-03$aal-Qāhirah :$bʻAbd Allāh al-Shāmī,$c1276 [1859]
=300  \\$a268 p. :$bill. ;$c23 cm.
=500  \\$6880-04$a"Dhakara fīhi al-aqṭār wa-al-buldān wa-al-biḥār wa-al-khiljān wa-al-jazāʼir wa-al-āthār wa-ʻajāʼib al-iʻtibār wa-shāhir al-anhār wa-al-jibāl al-shawāhiq al-kibār wa-al-aḥjār wa-al-maʻādin wa-al-jawāhir wa-al-nabātāt wa-al-fawākih wa-al-ḥubūb wa-al-buqūl wa-al-budhūr wa-al-ḥayawānāt wa-khawāṣṣ jamīʻ al-madhkūrāt wa-dhakara fīhi ayḍan al-malāḥim wa-al-maʻārik wa-al-ḥikāyāt al-gharībat al-mithāl, wa-khatama hādhā al-kitāb bi-dhikr ʻalāmāt al-sāʻah, maʻa fuṣūl tataʻallaqu bi-hā."
=590  \\$6880-05$aPrinceton copy bound with: Kitāb Nihāyat al-arab fī akhbār al-ʻArab / taʼlīf Iskandar Abkāriyūs al-Armanī. Marsīliyah : Maṭbaʻat al-Faʻalah, 1852. Hādhā Kitāb Ḥuṣn al-ḥaṣīn min kalām Sayyid al-Mursalīn / li-Muḥammad ibn al-Jazarī. [S.l.] : Aḥmad Afandī al-Azharī, 1279 [1862]. Hādhā Kitāb Faḍāʼil shahr Ramaḍān / lil-Shaykh al-Ujhūrī. al-Qāhirah : Maṭbaʻat al-Ḥurūf, 1277 [1861]. Hādhihi Ḥāshiyat Faḍāʼil al-Ujhūrī / li-Ibrāhīm al-Saqqā. [Cairo] : ʻAlī al-Baqlī, [1861?].
=590  \\$aPrinceton copy bound with: Kitāb Nihāyat al-arab fī akhbār al-ʻArab / taʼlīf Iskandar Abkāriyūs al-Armanī. Marsīliyah : Maṭbaʻat al-Faʻalah, 1852. Hādhā Kitāb Ḥuṣn al-ḥaṣīn min kalām Sayyid al-Mursalīn / li-Muḥammad ibn al-Jazarī. [S.l.] : Aḥmad Afandī al-Azharī, 1279 [1862]. Hādhā Kitāb Faḍāʼil shahr Ramaḍān / lil-Shaykh al-Ujhūrī. al-Qāhirah : Maṭbaʻat al-Ḥurūf, 1277 [1861]. Hādhihi Ḥāshiyat Faḍāʼil al-Ujhūrī / li-Ibrāhīm al-Saqqā. [Cairo] : ʻAlī al-Baqlī, [1861?].
=650  \0$aGeography, Medieval$xEarly works to 1800.
=650  \0$aGeography, Arab$xEarly works to 1800.
=880  1\$6100-01/r$aابن الوردي، زين الدين عمر بن المظفر،$d-1349.
=880  3\$6246-02/r$aخريدة العجائب وفريدة الغرائب
=880  \\$6260-03/r$aالقاهرة :$bعبد الله الشامي،$c1276 [1859]
=880  \\$6500-04/r$a"ذكر فيه الاقطار والبلدان والبحار والخلجان والجزائر والآثار وعجائب الاعتبار وشاهر الانهار والجبال الشواهق الكبار والاحجار والمعادن والجواهر والنباتات والفواكه والحبوب والبقول والبذور والحيوانات وخواص جميع المذكورات وذكر فيه ايضن الملاحم والمعارك والحكايات الغريبة المثال، وختم هذه الكتاب بذكر علامات الساعة، مع فصول تتعلق بها."
=880  \\$6590-05/r$aPrinceton copy bound with:: كتاب نهاية الارب في اخبار العرب / تأليف اسكندر ابكاريوس الارمني. مرسيلية : مطبعة الفعلة، 1852. هذا كتاب حصن الحصين من كلام سيد المرسلين / لمحمد بن الجزري. [S.l.] : احمد افندي الاچري، 1279 [1862]. هذا كتاب فضائل شهر رمضان / للشيخ الاجهوري. القاهرة : مطبعة الحروف، 1277 [1861]. هاذه حاشية فضائل الاجهوري / لابراهيم السقا. [القاهرة] : علي البقلي، [1861؟].
=998  \\$a04/23/97$s9114$nNjP$wNJPG95B34291$d06/02/95$cAAH$bKC$i970423$lNJPG
=948  \\$aBW 1
=911  \\$a19970508
=912  \\$a19970423000000.0
=994  \\$aC0$bPUL
=999  \\$a1135618
=852  00$01302410$bnec$t1$hG93$i.I2633 1859
=959  \\$a2000-06-13 00:00:00 -0500

