=LDR  03718cam a2200517 a 4500
=001  1135623
=003  NjP
=005  20190705143354.0
=008  950615s1922\\\\iq\\\\\\\\\\\\000\0\ara\d
=024  7\$aprinceton_aco003957$2local
=040  \\$aNjP$cPUL$dPUL
=035  \\$a(CStRLIN)NJPG95-B37201
=035  \\$9CCN3133TS
=035  \\$a(NjP)1135623
=049  \\$aPULL
=035  \\$a(OCoLC)ocm36849290
=100  1\$6880-01$aMāmaqānī, ʻAbd Allāh.
=240  10$6880-02$aWasīlat al-tuqá fī ḥawāshī al-ʻUrwah al-wuthqá
=245  10$6880-03$aHādhihi Risālat Wasīlat al-tuqá fī ḥawāshī al-ʻUrwah al-wuthqá /$cli-ʻAbd Allāh al-Gharawī al-Māmaqānī.
=246  3\$6880-04$aRisālat Wasīlat al-tuqá fī ḥawāshī al-ʻUrwah al-wuthqá
=260  \\$6880-05$a[al-Najaf] :$bMaṭbaʻat al-Murtaḍawīyah,$c[1922?]
=300  \\$a66 p. ;$c26 cm.
=590  \\$6880-06$aPrinceton copy bound with: Hādhā Kitāb Makhzan al-laʼālī fī furūʻ al-ʻilm al-ijmālī / ʻAbd Allah al-Māmaqānī. al-Najaf : al-Maṭbaʻah al-Mubārakah al-Murtaḍawīyah, 1341 [1922]. Risālah-ʼi sharīfah-i Muntakhab al-rasāʼil / ʻAbd Allāh al-Gharawī al-Māmaqānī. al-Najaf : Maṭbaʻat al-Ḥaydarīyah, 1340 [1921 or 1922].
=590  \\$aPrinceton copy bound with: Hādhā Kitāb Makhzan al-laʼālī fī furūʻ al-ʻilm al-ijmālī / ʻAbd Allah al-Māmaqānī. al-Najaf : al-Maṭbaʻah al-Mubārakah al-Murtaḍawīyah, 1341 [1922]. Risālah-ʼi sharīfah-i Muntakhab al-rasāʼil / ʻAbd Allāh al-Gharawī al-Māmaqānī. al-Najaf : Maṭbaʻat al-Ḥaydarīyah, 1340 [1921 or 1922].
=600  10$6880-07$aṬabāṭabāʼī al-Yazdī, Muḥammad Kāẓim,$d-1919.$tʻUrwah al-wuthqá.
=650  \0$aIslam$xCustoms and practices.$0http://id.loc.gov/authorities/subjects/sh87005732
=650  \0$aIslamic law$xInterpretation and construction.$0http://id.loc.gov/authorities/subjects/sh85068455
=650  \0$aIslam$xDoctrines.$0http://id.loc.gov/authorities/subjects/sh85068396
=700  12$6880-08$aṬabāṭabāʼī al-Yazdī, Muḥammad Kāẓim,$d-1919.$tʻUrwah al-wuthqá.$0http://id.loc.gov/authorities/names/n86099941
=880  1\$6100-01/r$aمامقاني، عبد الله.
=880  10$6240-02/r$aوسيلة التقى في حواشي العروة الوثقى
=880  10$6245-03/r$aهذه رسالة وسيلة التقى في حواشي العروة الوثقى /$cلعبد الله الغروي المامقاني.
=880  3\$6246-04/r$aرسالة وسيلة التقى في حواشي العروة الوثقى
=880  \\$6260-05/r$a[النجف] :$bمطبعة المرتضوية،$c[1922؟]
=880  \\$6590-06/r$aPrinceton copy bound with: هذا كتاب مخزن اللأالي في فروع العلم الاجمالي / عبد الله المامقاني. النجف : المطبعة المباركة المرتضوية، 1341 [1922]. رسالهئ شريفها منتخب الرسائل / عبد الله الغروي المامقاني. النجف : مطبعة الحيدرية، 1340 [1921 or 1922].
=880  14$6600-07/r$aطباطبائي اليزدي، محمد كاظم،$d-1919.$tعروة الوثقى.
=880  12$6700-08/r$aطباطبائي اليزدي، محمد كاظم،$d-1919.$tعروة الوثقى.
=998  \\$a04/23/97$s9114$nNjP$wNJPG95B37201$d06/15/95$cAAH$bKC$i970423$lNJPG
=948  \\$aBW 1
=911  \\$a19970508
=912  \\$a19970423000000.0
=994  \\$aC0$bPUL
=999  \\$a1135623
=979  \\$a(OCoLC)ocn176681119
=852  00$01302415$brcppa$t1$hBP174.T323$iM353 1922$xtr fr nec
=959  \\$a2000-06-13 00:00:00 -0400

