=LDR  01753cam a2200445 a 4500
=001  1149116
=003  NjP
=005  20170602185054.0
=008  970613s1928\\\\ir\\\\\\\\\\\\000\0\ara\d
=024  7\$aprinceton_aco003008$2local
=035  \\$a(OCoLC)ocn176723150
=040  \\$aNjP$cPUL$dPUL
=035  \\$a(OCoLC)176723150
=035  \\$a(CStRLIN)NJPG97-B33812
=035  \\$9CCP8243TS
=035  \\$a(NjP)1149116
=079  \\$aocm37169394
=049  \\$aPULL
=130  0\$6880-01$aMuntakhab al-daʻawāt.
=245  10$6880-02$aHādhā huwa al-kitāb al-mustaṭāb al-musammá bi-Muntakhab al-daʻawāt.
=260  \\$6880-03$a[Iran?] :$bMaṭbaʻah-i ʻIlmī,$c1346 [1928]
=300  \\$a335 p. ;$c23 cm.
=500  \\$aCaption title.
=500  \\$6880-04$aIn the margins: Sharḥ-i Dūʻā-yi ʻAlavī Miṣrī.
=650  \0$aIslam$vPrayers and devotions.$0http://id.loc.gov/authorities/subjects/sh85068403
=630  00$6880-05$aDūʻā-yi ʻAlavī Miṣrī.
=730  02$6880-06$aSharḥ-i Dūʻā-yi ʻAlavī Miṣrī.
=880  0\$6130-01/r$aمنتخب الدعوات.
=880  10$6245-02/r$aهذا هو الكتاب المستطاب المسمى بمنتخب الدعوات.
=880  \\$6260-03/r$a[Iran؟] :$bمطبعها علمي،$c1346 [1928]
=880  \\$6500-04/r$aIn the margins: شرحا دوعاي علڤي مصري.
=880  00$6630-05/r$aدوعاي علڤي مصري.
=880  02$6730-06/r$aشرحا دوعاي علڤي مصري.
=998  \\$a06/13/97$s9114$nNjP$d06/13/97$cJEB$bJEB$i970613$lNJPG
=911  \\$a19970619
=912  \\$a19970613000000.0
=994  \\$aC0$bPUL
=999  \\$a1149116
=852  00$01316933$brcppa$t1$hBP183.3$i.M867 1928$xtr fr arab
=959  \\$a2000-06-13 00:00:00 -0500

