=LDR  01454cam a22003855  4500
=001  1292882
=003  NjP
=005  20170518132044.0
=008  991209s1970\\\\ir\\\\\\\\\\\\000\0\ara\d
=024  7\$aprinceton_aco003537$2local
=035  \\$a(OCoLC)ocn177000111
=035  \\$a(OCoLC)ocm42962403
=040  \\$aPUL$cPUL$dPUL
=035  \\$a(OCoLC)177000111
=035  \\$9CDT5611TS
=035  \\$a(NjP)1292882
=079  \\$aocm42962403
=049  \\$aPULL
=100  1\$6880-01$aṢāfī, Luṭf Allāh.
=245  10$6880-02$aMaʻa al-Khaṭībʻ fī khuṭūṭihi al-ʻarīḍah.
=260  \\$6880-03$aTehran,$bMaktabat al-Ṣadr$c[1390 [1970]]
=300  \\$a214 p.$c22 cm.
=546  \\$aIn Arabic.
=600  00$6880-04$aMuḥibb al-Dīn al-Khaṭīb.$tKhuṭūt al-ʻarīḍah li-mabādiʼ al-Shīʻah al-imāmī-yah al-ithnā ʻasharīyah.
=650  \0$aShiites$vApologetic works.
=880  1\$6100-01/r$aصافي، لطف الله.
=880  10$6245-02/r$aمع الخطيبع في خطوطه العريضة.
=880  \\$6260-03/r$aتهرن،$bمكتبة الصدر$c[1390 [1970]]
=880  00$6600-04/r$aمحب الدين الخطيب.$tخطوت العريضة لمبادئ الشيعة الاماميية الاثنا عشرية.
=947  \\$aCDT5611
=911  \\$a20000220
=994  \\$aC0$bPUL
=999  \\$a1292882
=852  00$01485518$brcppa$t0$hBP194.1.K4273$iS234 1970$xtr fr nec
=959  \\$a2000-06-13 00:00:00 -0400

