=LDR  02119cam a2200481   4500
=001  129710
=003  NjP
=005  20111024084529.0
=008  830309s1975\\\\ir\ah\\\\b\\\\000\0bara\d
=024  7\$aprinceton_aco003193$2local
=035  \\$a(OCoLC)ocn175531536
=035  \\$a(OCoLC)175531536
=035  \\$a(CStRLIN)NJPG83-B17910
=035  \\$9AAU4470TS
=035  \\$a(NjP)129710
=040  \\$aNN$cPUL$dPUL
=041  0\$aaraper
=043  \\$aa------$af------
=049  \\$aPULL
=079  \\$aocm39942950
=100  1\$6880-01$aThaqafī, Abū Isḥāq Ibrahīm ibn Muḥammad,$dd. 896.
=245  13$6880-02$aal-Ghārāt /$cli-Abī Isḥaq Ibrāhīm ibn Muḥammad al-Thaqafī al-Kūfī ; bi-taḥqīq Jalāl al-Dīn al-Muḥaddith.
=260  \\$a[Tihran,$bAnjumān As̲ār-i Millī,$c1975]
=300  \\$a2 v.(1123 p.)$bfacsims.$c24 cm.
=440  \0$aSilsilah-ʼi intishārāt-i Anjuman-i As̲ār-i Millī ;$v114-115.
=500  \\$aIntroduction in Persian.
=500  \\$6880-03$a"Maṣādir al-taḥqīq": p. [1109]-1121.
=600  \0$6880-04$aʻAlī ibn Abī Tālib,$cCaliph,$dca. 600-661$xCampaigns$xEarly works to 1800.
=651  \0$aIslamic Empire$xHistory$y622-661$xEarly works to 1800.
=700  1\$6880-05$aMuḥaddis̲, Jalāl al-Dīn Ḥusaynī.
=880  1\$6100-01/r$aثقفي، ابو اسحاق ابرهيم بن محمد،$dd. 896.
=880  12$6245-02/r$aالغارات /$cلابي اسحق ابراهيم بن محمد الثقفي الكوفي ؛ بتحقيق جلال الدين المحدث.
=880  \\$6500-03/r$a"مصادر التحقيق": ص. [1109]1121.
=880  \0$6600-04/r$aعلي بن ابي تالب،$cCaliph,$dca. 600-661$xCampaigns$xEarly works to 1800.
=880  1\$6700-05/r$aمحدس، جلال الدين حسيني.
=998  \\$a04/16/85$s9115$nNjP$wNJPG83B17910$d03/09/83$cJCB$bCK$i850416$lNJPG
=911  \\$a19921028
=912  \\$a19900821000000.0
=994  \\$aC0$bPUL
=999  \\$a129710
=852  00$0144498$brcppa$t1$hBP193.1.A3$iT437 1975$xtr fr nec
=866  \0$0144498$av. 1-2
=959  \\$a2000-06-13 00:00:00 -0400

