=LDR  01942cam a22004575  4500
=001  1316088
=003  NjP
=005  20190705143624.0
=008  990721s1931\\\\ua\af\\\\\\\\\000\0\ara\d
=024  7\$aprinceton_aco004160$2local
=040  \\$aBNG$cPUL$dPUL
=035  \\$a(NBISU)notisAFQ1518
=035  \\$9CDV9087TS
=035  \\$a(NjP)1316088
=043  \\$af-ua---
=049  \\$aPULL
=035  \\$a(OCoLC)ocm41936306
=100  1\$aGouin, Edouard.
=240  12$aL'Égypte au XIXe siècle.$lArabic
=245  10$6880-01$aMiṣr fī al-qarn al-tāsiʻ ʻashar... /$cIdwār Jūwān ; naqalahu ilā al-lughah al-ʻArabīyah Muḥammad Masʻūd.
=250  \\$6880-02$aal-Ṭabʻah 2.
=260  \\$6880-03$aal-Qāhirah :$b[s.n.],$c1931.
=300  \\$a798 p., 15 leaves of plates :$bill. (some col.) ;$c24 cm.
=500  \\$aArabic translation of L'Égypte au XIXe siècle.
=651  \0$aEgypt$xHistory$y19th century.$0http://id.loc.gov/authorities/subjects/sh85041300
=600  00$6880-04$aMuḥammad ʻAlī Bāshā,$cGovernor of Egypt,$d1769-1849.$0http://id.loc.gov/authorities/names/n85342721
=600  00$6880-05$aIbrāhīm,$cPasha,$d1789-1848.$0http://id.loc.gov/authorities/names/n83026489
=700  1\$6880-06$aMasʻūd, Muḥammad.
=880  10$6245-01/r$aمصر في القرن التاسع عشر... /$cادوار جوان ؛ نقله الا اللغة العربية محمد مسعود.
=880  \\$6250-02/r$aالطبعة 2.
=880  \\$6260-03/r$aالقاهرة :$b[s.n.]،$c1931.
=880  00$6600-04/r$aمحمد علي باشا،$cGovernor of Egypt,$d1769-1849
=880  00$6600-05/r$aابراهيم،$cپش،$d1789-1848.
=880  1\$6700-06/r$aمسعود، محمد.
=947  \\$aCDV9087
=911  \\$a20000130
=994  \\$aC0$bPUL
=999  \\$a1316088
=979  \\$a(OCoLC)ocn177079629
=852  00$01511223$brcppa$t0$hDT104$i.G685124 1931$xtr fr f
=959  \\$a2000-06-13 00:00:00 -0500

