=LDR  01716cam a2200373 a 4500
=001  131689
=003  NjP
=005  20190705135615.0
=008  830104s1947\\\\ua\a\\\\\\\\\z100\0\ara\d
=024  7\$aprinceton_aco004060$2local
=040  \\$aNjP$cPUL$dPUL
=035  \\$a(CStRLIN)NJPG83-B198
=035  \\$9AAU6453TS
=035  \\$a(NjP)131689
=043  \\$af-ua---
=049  \\$aPULL
=035  \\$a(OCoLC)ocm82167817
=245  00$6880-01$aMiṣr /$cal-Ittiḥād al-barlamānī al-dawlī ;al-Muʼtamar al-ʻāmm al-sādis wa-al-thalāthūn, al-Qāhirah 7-13 Abrīl sanah 1947.
=260  \\$a[Cairo :$bs.n.],$c1947.
=300  \\$a149 p., [40] p. of plates :$bill. ;$c25 cm.
=651  \0$aEgypt$xHistory$y1919-1952.$0http://id.loc.gov/authorities/subjects/sh85041307
=651  \0$aEgypt$xPolitics and government$y1919-1952.$0http://id.loc.gov/authorities/subjects/sh85041323
=651  \0$aEgypt$xIntellectual life.$0http://id.loc.gov/authorities/subjects/sh2008114912
=710  2\$6880-02$aIttiḥād al-barlamānī al-dawlī (Egypt).$bMuʼtamar$n(36th :$d1947 :$cCairo, Egypt)
=880  00$6245-01/r$aمصر /$cالاتحاد البرلماني الدولي ؛لمؤتمر العام السادس والثلاثون، القاهرة 7-13 ابريل سنة 1947.
=880  2\$6710-02/r$aاتحاد البرلماني الدولي (مصر).$bمؤتمر$n(36ث :$d1947 :$cر، مصر)
=998  \\$a01/07/83$s9114$nNjP$wNJPG83B198$d01/04/83$cSSH$bEP$i830107$lNJPG
=911  \\$a19921028
=912  \\$a19900821000000.0
=994  \\$aC0$bPUL
=999  \\$a131689
=979  \\$a(OCoLC)ocn175547585
=852  00$0146645$brcppa$t1$hDT107.82$i.M48 1947$xtr fr anxafst
=959  \\$a2009-03-20 16:22:09 -0400

