=LDR  01514cam a2200301 a 4500
=001  1393674
=003  NjP
=005  20180122141424.0
=008  980219s1900\\\\tu\\\\\\\\\\\\000\0\ara\d
=024  7\$aprinceton_aco004610$2local
=035  \\$a(OCoLC)39830737
=035  \\$a(CStRLIN)NJPG98-B11180
=035  \\$9CED7737TS
=040  \\$aNjP$cNjP
=100  1\$aQarṣī, Dāwūd ibn Muḥammad,$dd. 1747 or 8.$0http://id.loc.gov/authorities/names/nr91023659
=245  10$aSharḥ al-ʻallāmah al-fāḍil wa-al-fahhāmah al-wāṣil al-Shaykh Dāwūd ibn Muḥammad al-Qarṣī al-Ḥanafī al-Mutawaffá sanat 1169 lil-Qaṣīdah al-nūnīyah al-tawḥīdīyah li-nāẓimihā al-Mawlá Khaḍir Bik.
=260  \\$a[Istanbul?] :$bMuḥammad Ṭālib ibn Ḥusayn,$c1318 [1900 or 1901]
=300  \\$a8, 131 p. ;$c25 cm.
=650  \0$aIslam$xDoctrines$xEarly works to 1800.$0http://id.loc.gov/authorities/subjects/sh87000152
=600  10$aRūmī, Khaḍir ibn Jalāl al-Dīn,$d1407 or 8-ca. 1456.$tQaṣīdah al-nūnīyah.
=700  12$aKhayālī, Aḥmad ibn Mūsá,$d-1457?.$tSharḥ Qaṣīdah al-nūnīyah.$0http://id.loc.gov/authorities/names/n85235149
=856  4\$uhttp://hdl.handle.net/2027/njp.32101077795811
=998  \\$a02/19/98$s9114$nNjP$d02/19/98$cKC$bKC$i980219$lNJPG
=911  \\$a19980226
=912  \\$a19980219000000.0
=852  80$01599768$brcppa$t1$h2271.50925.868 1900$xtr fr f
=852  8\$08693618$belf1$hElectronic Resource
=959  \\$a2000-06-08 00:00:00 -0500

