=LDR  02481cam a22004095a 4500
=001  1423206
=003  NjP
=005  20170619131211.0
=008  990127m19221930ua\\\\\\\\\\\\000\0\ara\d
=024  7\$aprinceton_aco002242$2local
=035  \\$a(OCoLC)ocn176727666
=035  \\$a(OCoLC)ocm40688172
=040  \\$aCUD$cPUL$dPUL
=035  \\$a(OCoLC)176727666
=035  \\$9CEG7682TS
=035  \\$a(NjP)1423206
=079  \\$aocm40688172
=049  \\$aPULL
=100  1\$6880-01$aIbn Taymīyah, Aḥmad ibn ʻAbd al-Ḥalīm,$d1263-1328.$0http://id.loc.gov/authorities/names/n79077267
=245  10$aMajmūʻat ʼal-rasāʼil wa-ʼal-masāʼil /$ctaʼlīf S︠h︡ayk︠h︡ ʼal-ʼIslām ʼIbn Taymīyah ; waqafa ʻalá taṣḥīḥihi wa-k︠h︡arraja ʼaḥādīt︠h︡ahu wa-ʻallaqa ḥawās︠h︡īhi wa-nas︠h︡arahu fī majallatihi ʼal-Sayyid Muḥammad Ras︠h︡īd Riḍā.
=260  \\$6880-02$aMiṣr :$bMuḥammad Ras︠h︡īd Riḍā$f(Maṭbaʻat ʼal-Manār),$c1341-9 [1922-30]
=300  \\$a5 v. in 1 ;$c24 cm.
=505  0\$a1. Rasāʼil wa-fatāwá fī ʼal-tafsīr wa-ʼal-ḥadīt︠h︡ wa-ʼal-ʼuṣūl wa-ʼal-ʻaqāʼid wa-ʼal-ʼādāb wa-ʼal-ʼaḥkām ʼal-Ṣūfīyah. 2: Qāʻidah jalīlah fīmā yataʻallaqu bi-ʼaḥkām ʼal-safar wa-ʼal-ʼiqāmah. 3: Kitāb mad︠h︡hab ʼal-salaf ʼal-qawīm fī taḥqīq masʼilat kalām ʼAllāh ʼal-karīm. 4: Ḥaqīqat mad︠h︡hab ʼal-ʼittiḥādīyīn, ʼaw Waḥdat ʼal-wujūd. 5: Qāʻidah fī ʼal-muʻjizāt wa-ʼal-karāmāt wa-ʼanwāʻ k︠h︡awāriq ʼal-ʻādāt.
=650  \0$aIslamic law.$0http://id.loc.gov/authorities/subjects/sh85068454
=650  \0$aIslam$xCustoms and practices.$0http://id.loc.gov/authorities/subjects/sh87005732
=650  \0$aIslam$xDoctrines.$0http://id.loc.gov/authorities/subjects/sh85068396
=650  \0$aSufism.$0http://id.loc.gov/authorities/subjects/sh85129660
=700  1\$6880-03$aRiḍā, Muḥammad Rashīd,$d1865-1935.
=880  1\$6100-01/r$aابن تيمية، احمد بن عبد الحليم،$d1263-1328.
=880  \\$6260-02/r$aمصر :$bمحمد رëسìهيد رضا$f(مطبعة ألمنار)،$c1341-9 [1922-30]
=880  1\$6700-03/r$aرضا، محمد رشيد،$d1865-1935.
=947  \\$aCEG7682
=911  \\$a20000130
=994  \\$aC0$bPUL
=999  \\$a1423206
=852  00$01632434$bnec$t0$hKBP310.I288$iA335 1922
=959  \\$a2000-06-13 00:00:00 -0400

