=LDR  00674nam a22002175  4500
=001  1432464
=003  NjP
=008  991123s1955\\\\ua\\\\\\\\\\\\000\0\ara\d
=024  7\$aprinceton_aco004165$2local
=035  \\$a(OCoLC)ocm42877550
=035  \\$9CEH7094TS
=040  \\$aPUL$cPUL
=110  1\$aEgypt.$bWizārat al-Shuʾūn al-Ijtimāʻīyah wa-al-ʻAmal.
=245  00$aWizārat al-shuʾūn al-ijtimāʻīyah;$bnashʾatuhā, taṭawwuruhā, khidamātuhā.
=260  \\$a[Cairo]$c1955.
=300  \\$a235 p.$c25 cm.
=546  \\$aIn Arabic.
=947  \\$aCEH7094
=911  \\$a20000130
=852  80$01643061$brcppa$t0$h2269.31415.398$xtr fr f
=959  \\$a2000-06-13 00:00:00 -0500

