=LDR  01431cam a2200301   4500
=001  1457994
=003  NjP
=005  20170619131212.0
=008  940817s1916\\\\ua\abch\\\\\\\000\0\arar\
=024  7\$aprinceton_aco002284$2local
=010  \\$ane 68000596  
=035  \\$a(OCoLC)ocm30959897
=035  \\$9CEL2999TS
=040  \\$aDLC$cCUY$dCUY$dPUL
=043  \\$af-ua---
=050  0\$aDS110.5$b.S45
=100  1\$aShuqayr, Naʻʻūm,$d1863-1922.$0http://id.loc.gov/authorities/names/n82252296
=245  10$aTārīkh Sīnā al-qadīm wa-al-ḥadīth wa-jughrāfīyatuhā,$bmaʻa khulāṣat tārīkh Miṣr wa-al-Shām wa-al-ʻIrāq wa-Jazīrat al-ʻArab wa-mā kāna baynahā min al-ʻalāʾiq al-tijārīyah wa-al-ḥarbīyah wa-ghayrihā ʻan ṭarīq Sīnāʾ min awwal ʻahd al-tārīkh ilá al-yawm.$cli-Naʻʻūm Bak Shuqayr = The history of Sinai and Arabs, with a résumé of the history of Egypt, Syria, Mesopotamia, and Arabia, etc., by Naum Shoucair Bey.
=260  \\$aMiṣr :$bMaṭbaʻat al-Maʻārif,$c[al-taqdimah 1916]
=300  \\$a776 p.$billus., facsims., maps., ports.$c18 cm.
=500  \\$aTitle and text in Arabic.
=500  \\$a"The history of Sinai and Arabs ..."
=651  \0$aSinai (Egypt)$xHistory.
=740  0\$aHistory of Sinai and Arabs.
=947  \\$aCEL2999
=911  \\$a20000130
=852  00$01671296$bnec$t0$hDT137.S55$iS587 1916
=959  \\$a2000-06-13 00:00:00 -0400

