=LDR  02472cam a2200397Ma 4500
=001  1463551
=003  NjP
=005  20190705143652.0
=008  930608s1909\\\\ua\\\\\\\\\\\\000\0\ara\d
=024  7\$aprinceton_aco004688$2local
=035  \\$9CEL8651TS
=035  \\$a(NjP)1463551
=040  \\$aHLS$cPUL$dPUL
=049  \\$aPULL
=035  \\$a(OCoLC)ocm36530086
=100  1\$6880-01$aTanūkhī, Muḥammad ibn Muḥammad,$dfl. 13th cent.
=245  13$6880-02$aal-Aqṣá al-qarīb fī ʻilm al-bayān /$ctaʼlīf Zayn al-Dīn Abī ʻAbd Allāh Muḥammad ibn Muḥammmad ibn Muḥammad ibn ʻAmr al-Tanūkhī ; [muṣḥḥiḥuh Muḥammad Badr al-Dīn]
=250  \\$6880-03$aal-Ṭabʻah 1.
=260  \\$6880-04$a[Cairo] :$bYubāʻ fī maḥall Muḥammad Amīn al-Khanjī al-Kutubī wa-Shurakāh,$c1327 [1909]$e(Miṣr :$fMaṭbaʻat al-Saʻādah)
=300  \\$a120 p. ;$c24 cm.
=500  \\$6880-05$a"Ṣuḥḥiḥa ʻalá nuskhah qaraʼahā al-ʻAllāmah ʻIzz al-Dīn Abū ʻAbd Allāh Muḥammmad al-Amyūṭī ʻalá muṣannafih sanah 692 Hijrīyah wa-ʻalayhā ijāzat al-muṣannif la-hu bi-kaṭṭ akhīh al-ʻAllāmah ʻAbd al-Majīd al-Tanūkhī."
=650  \0$aArabic language$xRhetoric$vEarly works to 1800.$0http://id.loc.gov/authorities/subjects/sh2007101240
=700  1\$6880-06$aBadr al-Dīn, Muḥammad.
=880  1\$6100-01/r$aتنوخي، محمد بن محمد،$dفل. 13ث نت.
=880  12$6245-02/r$aالاقصى القريب في علم البيان /$cتأليف زين الدين ابي عبد الله محمد بن محممد بن محمد بن عمرو التنوخي ؛ [مصححه محمد بدر الدين]
=880  \\$6250-03/r$aالطبعة 1.
=880  \\$6260-04/r$a[القاهرة] :$bيباع في محل محمد امين الخنجي الكتبي وشركاه،$c1327 [1909]$e(مصر :$fمطبعة السعاده)
=880  \\$6500-05/r$a"صحح على نسخة قرأها العلامة عز الدين ابو عبد الله محممد الاميوطي على مصنفه سنة 692 هجرية وعليها اجازة المصنف له بكط اخيه العلامة عبد المجيد التنوخي."
=880  1\$6700-06/r$aبدر الدين، محمد.
=947  \\$aCEL8651
=911  \\$a20000130
=994  \\$aC0$bPUL
=999  \\$a1463551
=979  \\$a(OCoLC)ocn176836831
=852  80$01677435$brcppa$t0$h2276.72.312$xtr fr f
=959  \\$a2000-06-13 00:00:00 -0500

