=LDR  01088cam a2200289   4500
=001  1472556
=003  NjP
=005  20171109102251.0
=008  900509s1966\\\\iq\ac\\\\b\\\\000\0\ararc
=024  7\$aprinceton_aco003173$2local
=010  \\$ane 67001049  
=035  \\$a(OCoLC)ocm21500821
=035  \\$9CEM7805TS
=040  \\$aPrinceton Univ. Libr.$cWAU$dPUL
=050  0\$aBP193$b.S48
=100  1\$aShaybī, Kāmil Muṣṭafá.
=245  13$aal-Fikr al-Shīʻī wa-al-nazaʻāt alṢūfīyah ḥattá maṭlaʻ al-qarn al-thānī ʻashar al-hijrī,$ctaʾlīf Kāmil Muṣṭafá al-Shaybī.
=250  \\$a[al-Ṭabʻah 1]
=260  \\$aBaghdād,$bMaktabat al-Nahḍah$c[1966]
=300  \\$a611 p.$billus., ports.$c25 cm.
=504  \\$aBibliography: p. 441-490.
=650  \0$aShiites$xHistory.$0http://id.loc.gov/authorities/subjects/sh2010112938
=650  \0$aSufism$xHistory.$0http://id.loc.gov/authorities/subjects/sh2008112366
=947  \\$aCEM7805
=911  \\$a20000130
=852  00$01687710$brcppa$t0$hBP193$i.S483 1966$xtr fr nec
=959  \\$a2000-06-13 00:00:00 -0400

