=LDR  00957cam a22002655  4500
=001  1472648
=003  NjP
=005  20171109102254.0
=008  991130s1950\\\\sy\a\\\\\\\\\\000\0\ara\d
=024  7\$aprinceton_aco003909$2local
=035  \\$a(OCoLC)ocm42900336
=035  \\$9CEM7900TS
=040  \\$aPUL$cPUL
=100  1\$aSallāḥ, Muḥammad.
=245  10$aWathbat al-diyār al-Ḥijāzīyah fī ʻahd ʻāhil al-Jazīrah al-ʻArabīyah.
=260  \\$aḤalab$c[1950?]
=300  \\$a156 p.$billus.$c25 cm.
=546  \\$aIn Arabic.
=651  \0$aMecca (Saudi Arabia)$xDescription and travel.
=650  \0$aPilgrims and pilgrimages$zSaudi Arabia$zMecca.$0http://id.loc.gov/authorities/subjects/sh2010106410
=651  \0$aSaudi Arabia$xPolitics and government.$0http://id.loc.gov/authorities/subjects/sh2004003457
=947  \\$aCEM7900
=911  \\$a20000220
=852  00$01687805$brcppa$t0$hBP181$i.S255 1950$xtr fr nec
=959  \\$a2000-06-13 00:00:00 -0400

