=LDR  01455cam a2200349Ma 4500
=001  1506054
=003  NjP
=005  20170605130857.0
=008  970604s1965\\\\iq\gh\\\\b\\\\000\0\arard
=024  7\$aprinceton_aco002515$2local
=035  \\$a(OCoLC)ocm37961794
=035  \\$9CER2135TS
=040  \\$aRBN$cRBN$dPUL
=043  \\$aa-iq---
=050  14$aM142.O9$bK56x 1965
=100  1\$aKindī,$d-approximately 873.$0http://id.loc.gov/authorities/names/n79138789
=245  10$aRisālat al-Kindī fī al-luḥūn wa-al-nagham :$bmulḥaq thānin li-kitāb Muʾallafāt al-Kindī al-mūsīqīyah /$ctaḥqīq Zakarīyā Yūsuf.
=246  14$aAl-Kindi's treatise on melodies.
=246  10$aKindi's treatise on melodies.
=260  \\$aBaghdād :$b[Maṭbaʻat Shafīq],$c1965.
=300  \\$a31 p. :$bmusic, facsims. ;$c26 cm.
=500  \\$a"Nushirat hādhihi al-risālah bi-idhn ḥukūmat al-Jumhūrīyah al-Turkīyah".
=500  \\$a"Allafahā li-Aḥmad ibn al-Muʻtaṣim"--P. 9.
=504  \\$aIncludes bibliographical references.
=650  \0$aOud music.$0http://id.loc.gov/authorities/subjects/sh85096114
=650  \0$aOud$zIraq.
=700  1\$aYūsuf, Zakarīyā.
=700  1\$aKindī,$dd. ca. 873.$tMuʾallafāt al-Kindī al-mūsīqīyah.$0http://id.loc.gov/authorities/names/n79138789
=947  \\$aCER2135
=911  \\$a20000130
=852  00$01730042$bnec$t0$hM142.O9$iK56 1965
=959  \\$a2000-06-13 00:00:00 -0500

