=LDR  01180cam a22003615  4500
=001  1560045
=003  NjP
=005  20170216233755.0
=008  991210q19451946ir\\\\\\\\\\\\000\0\ara\d
=024  7\$aprinceton_aco003626$2local
=035  \\$a(OCoLC)ocn177221640
=035  \\$a(OCoLC)ocm42967627
=040  \\$aPUL$cPUL$dPUL
=035  \\$a(OCoLC)177221640
=035  \\$9CEW7380TS
=035  \\$a(NjP)1560045
=041  0\$aaraper
=079  \\$aocm42967627
=090  \\$aBP194$b.M75163 1945
=049  \\$aPULL
=100  1\$6880-01$aMufīd, Muḥammad ibn Muḥammad,$d-1022.$0http://id.loc.gov/authorities/names/n80072488
=245  03$aal-Nukat al-iʻtiqādīyah,$bbā tarjameh-yi Fārsī ba-qalam-i Muḥammad Taqī Danish-Pazhūh.
=260  \\$aTehran,$bChāpkhāneh-yi Iqbāl,$c1324 [1945 or 6]
=300  \\$a7, 40 p.$c21 cm.
=546  \\$aIn Arabic and Persian.
=880  1\$6100-01/r$aمفيد، محمد بن محمد،$dd. 1022.
=947  \\$aCEW7380
=911  \\$a20000220
=994  \\$aC0$bPUL
=999  \\$a1560045
=902  \\$ajab$br$6a$7m$dv$f0$e20100610
=852  00$01796356$brcppa$hBP194$i.M75163 1945$xtr fr nec
=959  \\$a2000-06-13 00:00:00 -0400

