=LDR  01391cam a2200325Ia 4500
=001  1560871
=003  NjP
=005  20170216234101.0
=008  020786m19709999iq\h\\\\\\\\\\000\0carard
=024  7\$aprinceton_aco004589$2local
=010  \\$a   73202118 
=035  \\$a(OCoLC)ocm17431558
=035  \\$a(CStRLIN)RLINGEAC00870766-B
=035  \\$9CEW8221TS
=040  \\$aWAU$cWAU$dIUL
=090  \\$aBP136.48$b.A17
=100  1\$aMuwaḥḥid al-Abṭaḥī, Muḥammad ʻAlī.
=245  10$aTahdhīb al-maqāl fī tanqīḥ Kitāb al-rijāl li-Abī al-ʻAbbās Aḥmad ibn ʻAlī ibn Aḥmad ibn al-ʻAbbās al- Najāshī /$ctaʾlīf al-Sayyid Muḥammad ʻAlī al-Muwaḥhid al-Abṭaḥī ((al-Aṣfahānī)).
=260  \\$a[al-Najaf? :$bs.n.,$c1970- ]
=300  \\$av. :$bfacsims. ;$c25 cm.
=500  \\$aL.C. set imperfect: v. 1, p. 202-203, 206-207 blank.
=650  \0$aHadith$xAuthorities.$0http://id.loc.gov/authorities/subjects/sh85058194
=650  \0$aShiites$vBiography.$0http://id.loc.gov/authorities/subjects/sh2008111229
=700  1\$aNajāshī, Aḥmad ibn ʻAlī,$d982-1058.$tKitāb al-rijāl.$0http://id.loc.gov/authorities/names/nr90005436
=994  \\$aZ0$bPUL
=999  \\$a1560871
=902  \\$ajab$br$6a$7m$dv$f0$e20050518
=852  80$01797311$brcppa$t0$h2272.69842.352.1970
=866  \0$01797311$aVol. 1-v. 2
=959  \\$a2000-06-13 00:00:00 -0500

