=LDR  00868cam a22002535  4500
=001  1561211
=003  NjP
=005  20170216234229.0
=008  991005s1969\\\\iq\\\\\\\\\\\\000\0\ara\d
=024  7\$aprinceton_aco003936$2local
=035  \\$a(OCoLC)ocm42543938
=035  \\$9CEW8575TS
=040  \\$aPUL$cPUL
=110  1\$aIraq.$0http://id.loc.gov/authorities/names/n79077342
=240  10$aLaws, etc.
=245  03$aal-Qawānīn al-khāṣṣah bi-al-nafṭ$c[taʾlīf] Kāmil al-Sāmarrāʾī.
=246  04$aLaws relating petroleum containing petroleum agreements, concessions with administrative and regulating laws
=260  \\$aBaghdad,$bal-Maktabah al-Ahlīyah,$c1969.
=300  \\$a464 p.$c25 cm.
=546  \\$aIn Arabic.
=947  \\$aCEW8575
=911  \\$a20000130
=852  00$01797698$brcppa$t0$hKMJ3366$i.A28 1969$xtr fr f
=959  \\$a2000-06-13 00:00:00 -0400

