=LDR  01517cam a22003615  4500
=001  1582904
=003  NjP
=005  20170220192115.0
=008  991202s1969\\\\ir\\\\\\\\\\\\000\0\ara\d
=024  7\$aprinceton_aco003181$2local
=035  \\$a(OCoLC)ocn177279140
=035  \\$a(OCoLC)ocm42915399
=040  \\$aPUL$cPUL$dPUL
=035  \\$a(OCoLC)177279140
=035  \\$9CEZ0947TS
=035  \\$a(NjP)1582904
=041  1\$aaraper$hper
=079  \\$aocm42915399
=049  \\$aPULL
=100  1\$6880-01$aIbn Ṭāhir al-Baghdādī, ʻAbd al-Qāhir,$d-1037.$0http://id.loc.gov/authorities/names/n79085063
=245  03$6880-02$aal-Īḍāḥ ʻan uṣūl ṣināʻat al-massāh.$bTarjamahu Abū al-Futūḥ Muntajib al-Dīn Asʻad ibn Maḥmūd al-Iṣfāhānī.
=260  \\$6880-03$a[Tehran]$bIntishārāt-i Bunyād-i Farhang-i Īrān$c[1347 [1969]]
=300  \\$a182 p.$c25 cm.
=546  \\$aArabic text with Persian translation.
=880  1\$6100-01/r$aابن طاهر البغدادي، عبد القاهر،$d-1037.
=880  02$6245-02/r$aالاضاح عن اصول صناعة المساه.$bترجمه ابو الفتوح منتجب الدين اسعد بن محمود الاصفاهاني.
=880  \\$6260-03/r$a[طهران]$bانتشاراتا بنيادا فرهنگا ايران$c[1347 [1969]]
=947  \\$aCEZ0947
=911  \\$a20000220
=994  \\$aC0$bPUL
=999  \\$a1582904
=852  00$01821567$brcppa$t0$hBP191$i.I268 1969$xtr fr nec
=959  \\$a2000-06-13 00:00:00 -0400

