=LDR  00993cam a2200265Ma 4500
=001  1601002
=003  NjP
=005  20170221173230.0
=008  122387s1949\\\\ir\\\\\\\b\\\\000\0\ara\d
=024  7\$aprinceton_aco003973$2local
=035  \\$a(OCoLC)ocm27401611
=035  \\$a(CStRLIN)RLINGEAC01144473-B
=035  \\$9CFA9937TS
=040  \\$aPUL$cPUL
=100  1\$aBurūjirdī, Ḥusayn al-Ṭabāṭabāʾī,$d1875-1961.
=245  13$aal-Badr al-zāhir fī-ṣalāt al-Jumʻah wa-al-musāfir /$cḤusayn al-Ṭabāṭabāʾī Burūjirdī.
=250  \\$aChāp-i 2.
=260  \\$aQum :$bMarkaz Intishārat Daftar Tablīghāt Islāmī,$c1369 [1949 or 1950]
=300  \\$a296 p. ;$c25 cm.
=504  \\$aIncludes bibliographical references.
=650  \0$aPrayer$xIslam.$0http://id.loc.gov/authorities/subjects/sh85106123
=999  \\$a1601002
=902  \\$ajab$br$6a$7m$dv$f0$e20040315
=852  00$01845190$brcppa$t0$hBP178$i.B979 1949b$xtr fr nec
=959  \\$a2000-06-13 00:00:00 -0400

