=LDR  01332cam a2200361I  4500
=001  1652256
=003  NjP
=005  20190705143734.0
=008  991129s1960\\\\iq\a\\\\\\\\\\000\0\ara\d
=024  7\$aprinceton_aco004631$2local
=035  \\$9CFG3847TS
=035  \\$a(NjP)1652256
=040  \\$aPUL$cPUL$dOCLCQ$dPUL
=090  \\$aLA1466$b.I72 1960
=049  \\$aPULL
=035  \\$a(OCoLC)ocm42893008
=110  1\$aIraq.$bWizārat al-Maʻārif.$0http://id.loc.gov/authorities/names/n82020707
=245  10$6880-01$aĀrāʼ wa-aḥādīth wa-tawjīhāt ilá rusul al-tarbiyah wa-al-taʻlīm.
=260  \\$6880-02$aBaghdād :$b[s.n.] ,$c1960.
=300  \\$a51 p. :$bill. ;$c24 cm.
=546  \\$aIn Arabic.
=500  \\$aExtracts from addresses by Ismāʻīl al-ʻĀrif, Minister of Education.
=650  \0$aEducation$zIraq.$0http://id.loc.gov/authorities/subjects/sh2009102229
=880  10$6245-01/r$aآراء واحاديث وتوجيهات الى رسل التربية والتعليم.
=880  \\$6260-02/r$aبغداد :$b[s.n.] ،$c1960.
=947  \\$aCFG3847
=994  \\$aC0$bPUL
=999  \\$a1652256
=902  \\$ajab$br$6a$7m$dv$f0$e20100604
=979  \\$a(OCoLC)ocn637126717
=979  \\$a(OCoLC)ocn177643148
=852  80$01905207$brcppa$t0$h2271.504584.312$xtr fr f
=959  \\$a2000-06-13 00:00:00 -0500

