=LDR  01250cam a2200313 a 4500
=001  1656432
=003  NjP
=005  20170228174452.0
=008  890926s1967\\\\iq\\\\\\\b\\\\000\0\arard
=024  7\$aprinceton_aco003554$2local
=010  \\$a   75261007 /NE 
=035  \\$a(OCoLC)ocm23499036
=035  \\$9CFG8148TS
=040  \\$aEYM$cEYM$dOSU$dPUL
=050  \4$aBP 195$b.S48 S53
=050  \\$aBP195.S5$bS5
=100  1\$aShaybī, Kāmil Muṣṭafá.
=245  13$aal-Ṭarīqah al-Ṣafawīyah wa-rawāsibuhā fī al-ʻIrāq al-muʻāṣir :$bdirāsah mazjīyah li-uṣūl al-Shabak wa-al-niḥal al-Ṣūfīyah fī shamāl al-ʻIrāq /$ctaʾlīf Kāmil Muṣṭafá al-Shaybī.
=246  14$aṢafawid order and its remnants in contemporary Iraq$bbeing a general study of al-Shabak and kindred sects in northern Iraq
=250  \\$aal-Ṭabʻah 1.
=260  \\$aBaghdād :$bMaktabat al-Nahḍah,$c1967.
=300  \\$a100 p. ;$c25 cm.
=504  \\$aBibliography: p. 65-73.
=650  \0$aShabak.$0http://id.loc.gov/authorities/subjects/sh85120766
=650  \0$aIslamic sects$zIraq.
=947  \\$aCFG8148
=911  \\$a20000130
=852  00$01909814$brcppa$t0$hBP195.S5$iS539 1967$xtr fr nec
=959  \\$a2000-06-13 00:00:00 -0400

