=LDR  00748cam a22002535  4500
=001  1683707
=003  NjP
=005  20170301174758.0
=008  991207s1951\\\\iq\\\\\\\\\\\\000\0\ara\d
=024  7\$aprinceton_aco003849$2local
=035  \\$a(OCoLC)ocm42946216
=035  \\$9CFK6793TS
=040  \\$aPUL$cPUL
=100  1\$aMuẓaffar, Muḥammad Ḥusayn.
=245  03$aal-Shīʻah wa-al-imāmah.
=260  \\$aal-Najaf,$bal-Maṭbaʻah al-Ḥaydarīyah,$c1951.
=300  \\$a71 p.$c22 cm.
=500  \\$a2d ed.
=546  \\$aIn Arabic.
=650  \0$aShiites.$0http://id.loc.gov/authorities/subjects/sh85121432
=947  \\$aCFK6793
=911  \\$a20000220
=852  00$01940246$brcppa$t2$hBP166.94$i.M89 1951$xtr fr nec
=959  \\$a2000-06-13 00:00:00 -0400

