=LDR  02185cam a2200445Ma 4500
=001  1693245
=003  NjP
=005  20170516151725.0
=008  930524s1963\\\\ir\\\\\\\\\\\\000\0\ara\d
=024  7\$aprinceton_aco003137$2local
=035  \\$a(OCoLC)ocn177967130
=035  \\$a(OCoLC)ocm36683981
=035  \\$a(OCoLC)177967130
=035  \\$9CFL6936TS
=035  \\$a(NjP)1693245
=040  \\$aHLS$cPUL$dPUL
=049  \\$aPULL
=079  \\$aocm36683981
=100  1\$6880-01$aWāʻiẓī, ʻAbd al-Rasūl.
=245  10$6880-02$aAshiʻah min balāghat al-Imām al-Ṣādiq /$ctaʼlīf al-Shaykh ʻAbd al-Rasūl al-Wāʻiẓī.
=246  3\$6880-03$aKhuṭab
=246  15$6880-04$aAshiʻah min balāghat al-Imām al-Ṣādiq, khuṭab -- rasāʼil -- mawāʻiẓ, athar qayyim yaḥtawī ʻalá khuṭab sādis aʼimmat ahl al-bayt wa-kutubihi wa-ḥikamihi ʻalá nasaq Nahj al-balāghah
=250  \\$6880-05$aal-Ṭabʻah 2.
=260  \\$6880-06$aTahrān :$bDār al-Hidāyah lil-Nashr wa-al-Tawzīʻ,$c1963.
=300  \\$a208 p. ;$c24 cm.
=600  00$aJaʻfar al-Ṣādiq,$d702?-765 or 766.$0http://id.loc.gov/authorities/names/n84033098
=700  02$6880-07$aJaʻfar al-Ṣādiq,$d702?-765 or 766.$tKhuṭab.$f1982.$0http://id.loc.gov/authorities/names/n84033098
=880  1\$6100-01/r$aواعظي، عبد الرسول.
=880  10$6245-02/r$aاشعة من بلاغة الامام الصادق /$cتأليف الشيخ عبد الرسول الواعظي.
=880  3\$6246-03/r$aخطب
=880  15$6246-04/r$aاشعة من بلاغة الامام الصادق، خطب رسائل مواعظ، اثر قيم يحتوي على خطب سادس أمة اهل البيت وكتبه وحكمه على نسق نهج البلاغة
=880  \\$6250-05/r$aالطبعة 2.
=880  \\$6260-06/r$aتهران :$bدار الهداية للنشر والتوزيع،$c1963.
=880  02$6700-07/r$aجعفر الصادق،$d702?-765 or 766.$tخطب.$f1982.
=947  \\$aCFL6936
=911  \\$a20000130
=994  \\$aC0$bPUL
=999  \\$a1693245
=852  00$01951003$brcppa$t0$hBP193.16.A3$iW359 1963$xtr fr nec
=959  \\$a2000-06-13 00:00:00 -0400

