=LDR  02116cam a2200469K  4500
=001  1777205
=003  NjP
=005  20170516151733.0
=008  991112s1966\\\\ir\\\\\\\\\\\\000\0\ara\d
=024  7\$aprinceton_aco002599$2local
=035  \\$a(OCoLC)ocn910978545
=035  \\$a(OCoLC)ocn179626284
=035  \\$a(OCoLC)ocm42819371
=035  \\$9CFY8928TS
=035  \\$a(OCoLC)179626284
=035  \\$a(NjP)4117883
=040  \\$aPUL$beng$cPUL$dOCLCF$dOCLCO$dOCLCQ$dPUL
=035  \\$a(OCoLC)910978545
=079  \\$aocm42819371
=049  \\$aPULL
=100  1\$6880-01$aNajafī Yazdī, Hāshim.
=245  13$6880-02$aal-Tahdhīb li-mughnī al-labīb /$ctaʼlīf Hāshim ibn ʻAbd al-Ḥayy al-Ṭabāṭabāʼī al-Najafī al-Yazdī.
=260  \\$6880-03$aQum :$bMaktabat al-Ṭabāṭabāʼī,$c1386 [1966]
=300  \\$a220 pages$c23 cm
=336  \\$atext$btxt$2rdacontent
=337  \\$aunmediated$bn$2rdamedia
=338  \\$avolume$bnc$2rdacarrier
=546  \\$aIn Arabic.
=600  10$6880-04$aIbn Hishām, ʻAbd Allāh ibn Yūsuf,$d1309-1360.$tMughnī al-labīb ʻan kutub al-aʻārīb.$0http://id.loc.gov/authorities/names/n85203377
=650  \0$aArabic language$xGrammar.$0http://id.loc.gov/authorities/subjects/sh86000279
=650  \0$aArabic language$xSyntax.$0http://id.loc.gov/authorities/subjects/sh2007101235
=630  07$aMughnī al-labīb ʻan kutub al-aʻārīb (Ibn Hishām, ʻAbd Allāh ibn Yūsuf)$2fast$0(OCoLC)fst01363950
=880  1\$6100-01/r$aنجفي يزدي، هاشم.
=880  12$6245-02/r$aالتهذيب لمغني اللبيب /$cتأليف هاشم بن عبد الحي الطباطبائي النجفي اليزدي.
=880  \\$6260-03/r$aقم :$bمكتبة الطباطبائي،$c1386 [1966]
=880  10$6600-04/r$aابن هشام، عبد الله بن يوسف،$d1309-1360.$tمغني اللبيب عن كتب الاعاريب.
=947  \\$aCFY8928
=994  \\$aC0$bPUL
=999  \\$a1777205
=902  \\$ajab$br$7m$dv$f0$e20040305
=852  00$02040755$bnec$t0$hPJ6101.I2643$iT333 1966
=959  \\$a2000-06-13 00:00:00 -0500

