=LDR  01123cam a2200277 a 4500
=001  1780412
=003  NjP
=005  20170313171845.0
=008  980422q19901996ir\\\\\\\\\\\\000\0\ara\d
=024  7\$aprinceton_aco003495$2local
=035  \\$a(CStRLIN)NJPG98-B25706
=035  \\$9CFZ2260TS
=040  \\$aNjP$cNjP
=100  1\$aKhomeini, Ruhollah.
=240  10$aSelections
=245  13$aal-Kalimāt al-qiṣār :$bmawāʻiẓ wa-ḥikam min kalām al-Imām al-Khumaynī.
=260  \\$aṬihrān :$bMuʾassasat Tanẓīm wa-Nashr Turāth al-Imām al-Khumaynī, al-Shuʾūn al-Dawlīyah,$c[199-]
=300  \\$a320 p. ;$c24 cm.
=650  \0$aShīʻah$xMiscellanea.$0http://id.loc.gov/authorities/subjects/sh2010112933
=650  \0$aIslam and politics$zIran.$0http://id.loc.gov/authorities/subjects/sh2008104776
=650  \0$aIslam$y20th century.$0http://id.loc.gov/authorities/subjects/sh85068392
=998  \\$a04/22/98$s9114$nNjP$d04/22/98$cKC$bKC$i980422$lNJPG
=911  \\$a19980430
=912  \\$a19980422000000.0
=852  00$02044213$brcppa$t1$hBP193.5$i.K465 1990z$xtr fr anxa
=959  \\$a2000-06-13 00:00:00 -0400

