=LDR  02100cam a2200421 a 4500
=001  181383
=003  NjP
=005  20190705135716.0
=008  830126s1925\\\\sj\\\\\\\\\\\\000\0\ara\d
=024  7\$aprinceton_aco003805$2local
=040  \\$aNjP$cPUL$dPUL
=066  \\$c(3
=035  \\$a(CStRLIN)NJPG83-B6817
=035  \\$9AAZ6283TS
=035  \\$a(NjP)181383
=049  \\$aPULL
=019  \\$a63274174
=035  \\$a(OCoLC)ocn175304597$z(OCoLC)ocm63274174
=245  00$6880-01$aMukhtārāt al-sāʼigh :$bmin kutub al-dunyā wa-al-dīn wa-hiya 360 kitāb fī al-tawḥīd wa-al-fiqh wa-al-Qurʼān wa-al-ḥadīth wa-al-taṣawwuf wa-al-ṭibb al-ḥadīth wa-al-ṭibb al-qadīm wa-al-ṭibb al-ahlī wa-ḥikam wa-al-fawāʼid wa-al-adab /$cjamaʻahu ʻAwaḍ al-Karīm Muḥammad Hindī.
=250  \\$6880-02$aal-Ṭabʻah 1.
=260  \\$6880-03$aUmm Durmān :$bMaṭbaʻat al-Tawfīq al-Adabīyah,$c1925.
=300  \\$a2 v. :$bl port ;$c23 cm.
=500  \\$aFour lines of poetry by the compiler at head of title.
=650  \0$aIslam$y20th century.$0http://id.loc.gov/authorities/subjects/sh85068392
=700  1\$6880-04$aHindī, ʻAwaḍ al-Karīm Muḥammad.
=880  00$6245-01/(3/r$aمختارات السائغ :$bمن كتب الدنيا والدين وهي 360 كتاب في التوحيد والفقه والقرآن والحديث والتصوف والطب الحديث والطب القديم والطب الاهلي وحكم والفوائد والادب /$cجمعه عوض الكريم محمد هندي.
=880  \\$6250-02/(3/r$aالطبعة 1.
=880  \\$6260-03/(3/r$aام درمان :$bمطبعة التوفيق الادبية،$c1925.
=880  1\$6700-04/(3/r$aهندي، عوض الكريم محمد.
=998  \\$a01/28/83$s9114$nNjP$wNJPG83B6817$d01/26/83$cSSH$bEP$i830128$lNJPG
=911  \\$a19921028
=912  \\$a19900821000000.0
=994  \\$aC0$bPUL
=999  \\$a181383
=979  \\$a(OCoLC)ocn175343816
=852  00$0199805$brcppa$hBP163$i.M835$xtr fr nec
=866  \0$0199805$aVol. 1-v. 2
=959  \\$a2000-06-13 00:00:00 -0400

