=LDR  02240cam a2200505 a 4500
=001  187854
=003  NjP
=005  20170605130612.0
=008  830128s1883\\\\le\\\\\\\\\\\\000\0\ara\d
=024  7\$aprinceton_aco001955$2local
=035  \\$a(OCoLC)ocn175375974
=035  \\$a(OCoLC)78633361
=035  \\$a(OCoLC)175375974
=035  \\$a(CStRLIN)NJPG83-B7464
=035  \\$9ABA2764TS
=035  \\$a(NjP)187854
=040  \\$aNjP$cPUL$dPUL
=041  1\$aara$hita
=049  \\$aPULL
=066  \\$c(3
=079  \\$aocm78633361
=100  1\$aNieremberg, Juan Eusebio,$d1595-1658.$0http://id.loc.gov/authorities/names/n84133257
=240  10$aDe la diferencia entre lo temporal y eterno.$lArabic
=245  10$6880-01$aKitāb mīzān al-zamān /$ctaʻlīf Yuḥannā Usābīyūs Nīrimbirk, wa-istikhrajahu min al-lughah al-Iṭālīyah ilá al-lughah al-ʻArabīyah Buṭrus Farmāj.
=250  \\$6880-02$aal-Ṭabʻah 2, muṣaḥḥaḥah.
=260  \\$6880-03$aBayrūt :$bMaṭbaʻah al-Mursalīn al-Yasūʻīyīn,$c1883.
=300  \\$a321 p. ;$c22 cm.
=500  \\$aTranslation of: De la diferencia entre lo temporal y eterno.
=500  \\$aFirst published in Spanish in 1640.
=650  \0$aFuture life$xEarly works to 1800.$0http://id.loc.gov/authorities/subjects/sh2009125651
=650  \0$aEternity.$0http://id.loc.gov/authorities/subjects/sh85045070
=740  0\$6880-04$aMīzān al-zamān.
=880  10$6245-01/(3/r$aكتاب ميزان الزمان /$cتعليف يحنا اسابيوس نيرمبرك، واستخرجه من اللغة الاطالية الى اللغة العربية بطرس فرماج.
=880  \\$6250-02/(3/r$aالطبعة 2، مصححة.
=880  \\$6260-03/(3/r$aبيروت :$bمطبعة المرسلين اليسوعيين،$c1883.
=880  0\$6740-04/(3/r$aميزان الزمان.
=856  4\$uhttp://hdl.handle.net/2027/njp.32101076415700
=998  \\$a01/31/83$s9114$nNjP$wNJPG83B7464$d01/28/83$cJCB$bEP$i830131$lNJPG
=911  \\$a19921028
=912  \\$a19900821000000.0
=994  \\$aC0$bPUL
=999  \\$a187854
=852  00$0206763$bnec$t1$hBT910$i.N6712 1883
=852  8\$08678224$belf1$hElectronic Resource
=959  \\$a2000-06-08 00:00:00 -0400

