=LDR  01987cam a2200481 a 4500
=001  198989
=003  NjP
=005  20190423143227.0
=008  831227m19801989ir\\\\\\\b\\\\001\0\ara\d
=024  7\$aprinceton_aco003607$2local
=035  \\$a(OCoLC)ocn179040554
=035  \\$a(CStRLIN)NJPG83-B85617
=035  \\$9ABB3927TS
=040  \\$aNjP$cPUL$dPUL
=066  \\$c(3$c(4
=035  \\$a(OCoLC)179040554
=035  \\$a(NjP)3770668
=079  \\$aocm79717056
=049  \\$aPULL
=100  1\$aKhomeini, Ruhollah.
=240  10$6880-01$aBayʻ
=245  10$6880-02$aKitāb al-bayʻ /$ctaʼlīf Āyat Allāh al-ʻUẓmá al-Imām al-Khumaynī.
=246  30$6880-03$aBayʻ
=250  \\$6880-04$aal-Ṭabʻah 1.
=260  \\$6880-05$a[Iran] :$bMuʼassasat Tanẓīm wa-Nashr Āthār al-Imām al-Khumaynī,$c[198-]
=300  \\$a5 v. ;$c25 cm.
=504  \\$aIncludes bibliographical references (v. 5, p. [638]-669) and indexes.
=650  \0$aSales (Islamic law)$0http://id.loc.gov/authorities/subjects/sh85116721
=650  \0$aCommercial law (Islamic law)$0http://id.loc.gov/authorities/subjects/sh85028946
=650  \0$aContracts (Islamic law)$0http://id.loc.gov/authorities/subjects/sh85031640
=710  2\$6880-06$aMuʼassasah-ʼi Tanẓīm va Nashr-i Ās̲ār-i Ḥaz̤rat Imām Khumaynī
=880  10$6240-01/(3/r$aبيع
=880  10$6245-02/(3/r$aكتاب البيع /$cتأليف آية الله العظمى الامام الخميني.
=880  30$6246-03/(3/r$aبيع
=880  \\$6250-04/(3/r$aالطبعة 1.
=880  \\$6260-05/(3/r$a[[Iran$bمؤسسة تنظيم ونشر آثار الامام الخميني، 1421 [2000]
=880  2\$6710-06/(3/r$aمؤسسۀ تنظىم و نشر آثار حضرت امام خمىنى
=904  \\$akc$ba$hn$ct$e20021031
=902  \\$akc$bo$7m$dv$f5$e20021031
=994  \\$aC0$bPUL
=999  \\$a198989
=852  80$0218796$brcppa$t1$hKBL$i.K4993 1980z$xtr fr arab
=959  \\$a2000-06-13 00:00:00 -0400

