=LDR  01953cam a2200481 a 4500
=001  212176
=003  NjP
=005  20170905101743.0
=008  840112r19701940ir\\\\\\\\\\\\000\0\ara\d
=024  7\$aprinceton_aco002455$2local
=035  \\$a(OCoLC)ocn175565996
=035  \\$a(OCoLC)82696340
=035  \\$a212176
=040  \\$aNjP$cPUL$dPUL
=066  \\$c(3
=035  \\$a(OCoLC)175565996
=035  \\$a(CStRLIN)NJPG84-B1924
=035  \\$9ABC7159TS
=035  \\$a(NjP)212176
=041  1\$aara$htur
=043  \\$aa-tu---
=079  \\$aocm82696340
=049  \\$aPULL
=100  1\$6880-01$aĀl Kāshif al-Ghiṭāʼ, Muḥammad al-Ḥusayn,$d1877-1954.
=245  10$6880-02$aTaḥrīr al-majallah /$ctaʼlīf Muḥammad al-Ḥusayn Āl Kāshif al-Ghiṭāʼ.
=260  \\$6880-03$aṬihrān :$bMaktabat al-Najāh ;$aQum :$bMaktabat al-Fīrūzābādī,$c[1390- i.e. 1970- ]
=300  \\$av. ;$c25 cm.
=534  \\$pReprint. Originally published:$cal-Najaf: al-Maktabah al-Murtaḍawīyah, 1359- .
=650  \0$aCivil law$zTurkey$xHistory and criticism.
=650  \0$aCivil law$zTurkey.$0http://id.loc.gov/authorities/subjects/sh2009120055
=710  12$aTurkey.$tLaws, etc.$lArabic.$f1970.$0http://id.loc.gov/authorities/names/n80070818
=880  1\$6100-01/(3/r$aآل كاشف الغطاء، محمد الحسين،$d1877-1954.
=880  10$6245-02/(3/r$aتحرير المجلة /$cتأليف محمد الحسين آل كاشف الغطاء.
=880  \\$6260-03/(3/r$aطهران :$bمكتبة النجاه ؛$aقم :$bمكتبة الفيروزابادي،$c[1390- i.e. 1970- ]
=998  \\$a04/24/85$s9118$nNjP$wNJPG84B1924$d01/12/84$cJCB$bMT$i850424$lNJPG
=911  \\$a19921028
=912  \\$a19900822000000.0
=994  \\$aC0$bPUL
=999  \\$a212176
=852  81$0233029$bnec$t1$hKPA$i.A365
=866  \0$0233029$80$amujallad 1-2
=866  \0$0233029$80$xAdd as: mujallad
=959  \\$a2000-06-13 00:00:00 -0500

