=LDR  01651cam a2200409 a 4500
=001  214932
=003  NjP
=005  20171009080627.0
=008  840113s1974\\\\ir\\\\\\\\\\\\000\0cara\d
=024  7\$aprinceton_aco003562$2local
=035  \\$a(OCoLC)30828678
=035  \\$a(OCoLC)ocn175589071
=035  \\$a(OCoLC)175589071
=035  \\$a(CStRLIN)NJPG84-B2209
=035  \\$9ABC9921TS
=035  \\$a(NjP)214932
=040  \\$aNjP$cPUL$dPUL
=049  \\$aPULL
=079  \\$aocm30828678
=100  1\$6880-01$aShubbar, ʻAbd Allāh ibn Muḥammad Riḍā,$d1774 or 1775-1826 or 1827.$0http://id.loc.gov/authorities/names/n84028208
=245  10$6880-02$aJalāʼ al-ʻuyūn /$ctaʼlīf ʻAbd Allāh Shubbar ; qaddama la-hu wa-ṣaḥḥaḥahu Aḥmad al-Ḥusaynī.
=260  \\$6880-03$a[Qum] :$bMaktabat Baṣīratī,$c[1394? i.e. 1974?]
=300  \\$a3 v. ;$c24 cm.
=500  \\$aPreface dated 1394.
=650  \0$aAlids$xBiography$xEarly works to 1800.
=700  \\$6880-04$aḤusaynī, Aḥmad.
=880  1\$6100-01/r$aشبر، عبد الله بن محمد رضا، 1774 or 5-1826 or 7.
=880  10$6245-02/r$aجلاء العيون /$cتأليف عبد الله شبر ؛ قدم له وصححه احمد الحسيني.
=880  \\$6260-03/r$a[قم] :$bمكتبة بصيرتي،$c[1394؟ ا.. 1974؟]
=880  \\$6700-04/r$aحسيني، احمد.
=998  \\$a01/30/85$s9118$nNjP$wNJPG84B2209$d01/13/84$cJCB$bMT$i850130$lNJPG
=911  \\$a19921028
=912  \\$a19900822000000.0
=994  \\$aC0$bPUL
=999  \\$a214932
=852  00$0235996$brcppa$t1$hBP195.A75$iS583 1974$xtr fr nec
=959  \\$a2000-06-13 00:00:00 -0400

