=LDR  01853cam a2200457 a 4500
=001  221302
=003  NjP
=005  20171009081034.0
=008  840523m19349999mr\\\\\\\\\\\\000\0\ara\d
=024  7\$aprinceton_aco002809$2local
=035  \\$a(OCoLC)ocn175641845
=035  \\$a(OCoLC)83391532
=040  \\$aNjP$cPUL$dPUL
=066  \\$c(3$c(4
=035  \\$a(OCoLC)175641845
=035  \\$a(CStRLIN)NJPG84-B28611
=035  \\$9ABD6316TS
=035  \\$a(NjP)221302
=079  \\$aocm83391532
=049  \\$aPULL
=245  00$aAnthologie d'auteurs arabes /$cpar M. Bekhoucha et A. Sekkal.
=260  \\$6880-01$aTiṭwān :$bṬubiʻa bi-al-Maṭbaʻah al-Mahdīyah,$c1934-
=300  \\$av. ;$c24 cm.
=500  \\$aMainly in Arabic, some notes in French.
=505  1\$6880-02$aLivre 1. Les printaniéres au romantisme arab = Kitāb nafḥ al-azhār wa-waṣf al-anwār wa-awṣāt al-aṭyār wa-nughām al-awtār.
=650  \0$aSpring$xPoetry.$0http://id.loc.gov/authorities/subjects/sh2010114577
=700  1\$6880-03$aBakhūshah, Muḥammad.
=700  1\$6880-04$aSaqqāl, ʻAbd al-Raḥmān.
=880  \\$6260-01/(3/r$aتطوان :$bطبع بالمطبعة المهدية،$c1934
=880  1\$6505-02/(3/r$aLivre 1. Les printaniéres au romantisme arab = كتاب نفح الاچار ووصف الانوار واوصات الاطيار ونغام الاوتار.
=880  1\$6700-03/(3/r$aبخوشة، محمد.
=880  1\$6700-04/(3/r$aسقال، عبد الرحمن.
=998  \\$a05/31/84$s9114$nNjP$wNJPG84B28611$d05/23/84$cSSH$bMT$i840531$lNJPG
=911  \\$a19921028
=912  \\$a19900822000000.0
=994  \\$aC0$bPUL
=999  \\$a221302
=852  01$0242956$brcppa$t1$hPJ7632.S6$iA7$xtr fr arab
=866  \0$0242956$80$alivre 1
=866  \0$0242956$80$xRLIN ID to Serials.
=959  \\$a2000-06-13 00:00:00 -0500

