=LDR  01201cam a22003255  4500
=001  2370584
=003  NjP
=005  20190705144203.0
=008  990324s1947\\\\le\\\\\\\\\\\\000\0\ara\d
=024  7\$aprinceton_aco004683$2local
=040  \\$aPUL$cPUL$dPUL
=035  \\$9CLB3725TS
=035  \\$a(NjP)2370584
=049  \\$aPULL
=035  \\$a(OCoLC)ocm41030008
=100  1\$aṬarrāzi, Philippe de.
=245  00$6880-01$aIrshād al-ʼārib ila tansīq al-kutub fī al-makātib ...
=260  \\$a[Beymouth,$c1947]
=300  \\$a378 p.$c25 cm.
=546  \\$aTitle-page in Arabic. Classification in French and Arabic.
=500  \\$aCover-title: République libanaise. Ministère de l'education nationale et des beaux-arts (Bibliothèque nationale)
=500  \\$aClassification décimale des livres arabes ...
=650  \0$aClassification$xBooks.$0http://id.loc.gov/authorities/subjects/sh85026721
=880  00$6245-01/r$aارشاد الآرب ال تنسيق الكتب في المكاتب ...
=911  \\$a19990626
=994  \\$aC0$bPUL
=999  \\$a2370584
=979  \\$a(OCoLC)ocn177612259
=852  00$02664504$brcppa$t1$hZ696.A4$iT533 1947$xtr fr f
=959  \\$a2009-10-21 10:50:17 -0500

