=LDR  01005cam a2200289 a 4500
=001  2427647
=003  NjP
=005  20170815174231.0
=008  990630s1986\\\\ir\\\\\\\\\\\\000\0\ara\c
=024  7\$aprinceton_aco003034$2local
=035  \\$a(OCoLC)41893617
=035  \\$a(CStRLIN)NJPG99-B33978
=035  \\$9CLJ2740TS
=040  \\$aNjP$cNjP
=042  \\$apcc
=050  \4$aBP186.15$b.D593 1986
=100  1\$aDizfūlī, Ḥaydar ibn Muḥammad.
=245  10$aṢalāt al-Jumʻah /$ctaʾlīf Ḥaydar ibn Muḥammad al-Dizfūlī.
=260  \\$aQum :$bal-Maṭbaʻah al-ʻIlmīyah,$c1407 [1986]
=300  \\$a88 p. ;$c22 cm.
=650  \0$aJumʻah.$0http://id.loc.gov/authorities/subjects/sh85070994
=650  \0$aPrayer$xIslam.$0http://id.loc.gov/authorities/subjects/sh85106123
=998  \\$a06/30/99$s9114$nNjP$d06/30/99$cJEB$bJEB$i990630$lNJPG
=911  \\$a19990715
=912  \\$a19990630000000.0
=852  00$02723789$brcppa$t1$hBP186.15$i.D593 1986$xtr fr arab
=959  \\$a2000-06-13 00:00:00 -0500

