=LDR  01950cam a2200445 a 4500
=001  2431243
=003  NjP
=005  20190705144241.0
=008  990715s1988\\\\ir\\\\\\\b\\\\000\0dara\d
=024  7\$aprinceton_aco004427$2local
=040  \\$aMH$cPUL$dPUL
=035  \\$a(CStRLIN)NJPG99-B36759
=035  \\$9CLJ6511TS
=035  \\$a(NjP)2431243
=049  \\$aPULL
=035  \\$a(OCoLC)ocm41404995
=245  03$6880-01$aal-Imām al-Ṣādiq kamā ʻarafahu ʻulamāʼ al-Gharb /$cnaqalahu ilá al-ʻArabīyah Nūr al-Dīn Āl ʻAlī ; rājaʻahu Wadīʻ Filasṭīn.
=250  \\$6880-02$aal-Ṭabʻah 1.
=260  \\$6880-03$aQum :$bDār al-Dhakhāʼir,$c1988.
=300  \\$a416 p. ;$c24 cm.
=504  \\$aIncludes bibliographical references.
=600  00$6880-04$aJaʻfar al-Ṣādiq,$d702?-765 or 766.$0http://id.loc.gov/authorities/names/n84033098
=650  \0$aImams (Shiites)$0http://id.loc.gov/authorities/subjects/sh85064480
=650  \0$aIslam$xStudy and teaching$zEurope.$0http://id.loc.gov/authorities/subjects/sh2009127636
=700  1\$6880-05$aĀl ʻAlī, Nūr al-Dīn.
=700  1\$6880-06$aFilasṭīn, Wadīʻ.
=880  02$6245-01/r$aالامام الصادق كما عرفه علماء الغرب /$cنقله الى العربية نور الدين آل علي ؛ راجعه وديع فلسطين.
=880  \\$6250-02/r$aالطبعة 1.
=880  \\$6260-03/r$aقم :$bدار الذخائر،$c1988.
=880  04$6600-04/r$aجعفر الصادق،$d702?-765 or 766.
=880  1\$6700-05/r$aآل علي، نور الدين.
=880  1\$6700-06/r$aفلسطين، وديع.
=998  \\$a07/15/99$s9115$nNjP$wMAHGBNE31426B$d07/15/99$cJAB$bJAB$i990715$lNJPG
=911  \\$a19990722
=912  \\$a19990715000000.0
=994  \\$aC0$bPUL
=999  \\$a2431243
=979  \\$a(OCoLC)ocn178258946
=852  80$02727512$brcppa$t1$h2271.505175.742 1988$xtr fr anxa
=959  \\$a2000-06-13 00:00:00 -0500

