=LDR  00762cam a2200265   4500
=001  2525220
=003  NjP
=005  20170829172739.0
=008  831115s1954\\\\ly\\\\\\\l\\\\000\0\ara\\
=024  7\$aprinceton_aco003631$2local
=010  \\$a   59054772  
=035  \\$a(OCoLC)ocm10130168
=035  \\$9CLW9687TS
=040  \\$aDLC$cGWL$dGWL$dPUL
=110  1\$aLibya.$0http://id.loc.gov/authorities/names/n79066419
=245  13$aal-Qānūn al-madanī.
=260  \\$c[1954?]
=300  \\$a19, 334 p.$c23 cm.
=650  \0$aObligations (Law)$zLibya.
=650  \0$aContracts$zLibya.
=650  \0$aProperty$zLibya.
=945  \\$aF$b1$c75786.585.1
=911  \\$a19990912
=852  00$02828173$brcppa$t1$hKSP494.31953$i.A52 1954$xtr fr f
=959  \\$a2008-10-16 15:09:39 -0400

