=LDR  01011cam a2200265 a 4500
=001  2527137
=003  NjP
=005  20170829173358.0
=008  850410s1969\\\\iq\\\\\\\\\\\\001\0\arar\
=024  7\$aprinceton_aco003969$2local
=010  \\$a   79961786  
=035  \\$a(OCoLC)ocm11902926
=035  \\$9CLX2038TS
=040  \\$aDLC$cTXQ$dTXQ$dOCL$dPUL
=110  1\$aIraq.$0http://id.loc.gov/authorities/names/n79077342
=245  10$aQānūn al-tijārah bi-shaklihi al-muʻaddal al-akhīr :$bmudhayyal bi-aḥkām al-iflās min qānūn al-tijārah al-barrīyah al-ʻUthmānīyah.
=260  \\$aBaghdād :$bMaṭbaʻat Asʻad,$c1969 [cover 1970].
=300  \\$a206 p. ;$c22 cm.
=490  0\$aMajmūʻah al-dāʾimah lil-qawānīn wa-al-anẓimah al-ʻIrāqīyah al-muwaḥḥadah
=500  \\$aIncludes index.
=650  \0$aCommercial law$zIraq.
=945  \\$aF$b1$c7979.485.8
=911  \\$a19990912
=852  00$02830132$brcppa$t1$hKMJ914.31969$i.A52 1970$xtr fr f
=959  \\$a2003-07-17 12:17:06 -0400

