=LDR  00817cam a22002775  4500
=001  2527258
=003  NjP
=005  20170829173421.0
=008  850502s1954\\\\ly\\\\\\\l\\\\000\0\ara\\
=024  7\$aprinceton_aco003633$2local
=010  \\$a   59054774  
=035  \\$a(OCoLC)ocm11989451
=035  \\$9CLX2178TS
=040  \\$aDLC$cGWL$dGWL$dOCL$dPUL
=043  \\$af-ly---
=110  1\$aLibya.$0http://id.loc.gov/authorities/names/n79066419
=240  10$aQānūn al-tijārī
=245  13$aal-Qānūn al-tijārī wa-al-qānūn al-baḥari.
=260  \\$c[1954?]
=300  \\$a23, 469 p.$c23 cm.
=650  \0$aCommercial law$zLibya.
=650  \0$aMaritime law$zLibya.
=945  \\$aF$b1$c75786.585.4
=911  \\$a19990912
=852  00$02830256$brcppa$t1$hKSP914$i1954$xtr fr f
=959  \\$a2008-10-16 15:10:01 -0400

