=LDR  00971cam a2200277Ma 4500
=001  2535147
=003  NjP
=005  20100823152141.0
=008  910501s1966\\\\iq\\\\\\\i\\\\001\0\arard
=024  7\$aprinceton_aco003784$2local
=010  \\$a   89965377  
=035  \\$a(OCoLC)ocm23910712
=035  \\$9CLY1732TS
=040  \\$aHVL$cHVL$dDLC$dPUL
=043  \\$aa-iq---
=050  00$aKMJ10.5 1966
=100  1\$aMuṣṭafá, Ḥāmid.
=245  10$aDalīl al-tashrīʻ al-ʻIrāqī /$cwaḍʻ Ḥāmid Muṣṭafá.
=250  \\$aal-Ṭabʻah 6. Muʻaddalah wifqan li-mā ṭaraʾa min taʻdīl wa-ilghāʾ ḥattá tārīkh al-ṭabʻ fī Shubbāṭ 1966.
=260  \\$a[Baghdād? :$bs.n.$c1966]$e(Baghdād :$fMaṭbaʻat Salmān al-ʻAzamī)
=300  \\$a202 p. ;$c17 cm.
=650  \0$aLaw$zIraq$vIndexes.
=945  \\$aF$b1$c7979.485
=911  \\$a19990912
=852  00$02838333$brcppa$t1$hKMJ10.5$i.M87 1966$xtr fr f
=959  \\$a2000-06-13 00:00:00 -0400

