=LDR  00938cam a2200289M  4500
=001  2535767
=003  NjP
=005  20170830173038.0
=008  920205s1951\\\\iq\\\\\\\\\\\\000\0\arar\
=024  7\$aprinceton_aco003956$2local
=010  \\$ane 66000805  
=035  \\$a(OCoLC)ocm25458829
=035  \\$9CLY2478TS
=040  \\$aDLC$cHVL$dPUL
=043  \\$aa-iq---
=110  1\$aIraq.$0http://id.loc.gov/authorities/names/n79077342
=245  13$aal-Qānūn al-madanī al-ʻIrāqī.$cAshrafa ʻalá ṭabʻihi Kāmil al-Sāmarrāʾī.
=250  \\$aal-Ṭabʻah 2.
=260  \\$aBaghdād,$bMaṭbaʻat ʻĀnī,$c1951.
=300  \\$a8, 352 p.$c25 cm.
=440  \0$aManshūrāt al-majmūʻah al-dāʾimah
=650  \0$aCivil law$zIraq.
=700  1\$aSāmarrāʾī, Kamāl.
=945  \\$aF$b1$c7979.485.3
=911  \\$a19990912
=852  00$02838966$brcppa$t1$hKMJ500$i.I7373 1951$xtr fr f
=959  \\$a2003-07-17 12:16:34 -0400

