=LDR  00916cam a22003135  4500
=001  2540286
=003  NjP
=005  20190705144330.0
=008  990629s1881\\\\ua\\\\\\\\\\\\000\0\ara\d
=024  7\$aprinceton_aco004616$2local
=040  \\$aPUL$cPUL$dPUL
=035  \\$9CLY7820TS
=035  \\$a(NjP)2540286
=049  \\$aPULL
=035  \\$a(OCoLC)ocm41622265
=100  1\$6880-01$aMarṣafī, Husayn ibn Aḥmad,$dd. 1889 or 90.
=245  03$6880-02$aal-Kalim al-thamān ...
=260  \\$aCairo,$c1298 [1881]
=300  \\$a67 p.$c24 cm.
=546  \\$aIn Arabic.
=500  \\$aIn portfolio.
=880  1\$6100-01/r$aمرصفي، حسين بن احمد،$dd. 1889 or 90.
=880  02$6245-02/r$aالكلم الثمان ...
=911  \\$a19990912
=994  \\$aC0$bPUL
=999  \\$a2540286
=979  \\$a(OCoLC)ocn177733238
=852  80$02843614$brcppa$t1$h2272.6235.351$xtr fr l
=959  \\$a2007-01-22 09:18:10 -0500

