=LDR  01608cam a2200385 a 4500
=001  2551909
=003  NjP
=005  20190705144356.0
=008  991004q18001899ua\\\\\\r\\\\\000\1\ara\d
=024  7\$aprinceton_aco004181$2local
=040  \\$aNjP$cPUL$dPUL
=035  \\$a(CStRLIN)NJPG99-B48288
=035  \\$9CMA1632TS
=035  \\$a(NjP)2551909
=049  \\$aPULL
=035  \\$a(OCoLC)ocm42743061
=130  0\$aArabian nights.$0http://id.loc.gov/authorities/names/n80008548
=245  10$6880-01$aAlf laylah wa-laylah :$bwa-āt al-ḥawādith al-ʻajībah wa-al-qiṣaṣ al-muṭribah al-gharībah ....
=260  \\$6880-02$aMiṣr :$bMaktabat wa-Maṭbaʻat Muḥammad ʻAlī Ṣubayḥ wa-Awlāduh,$c[18--?]
=300  \\$a4 v. ;$c22 cm.
=533  \\$aPhotocopy.$bPrinceton, N.J. :$cPrinceton University Library,$d1999.$e28 cm.$7s1999    njun r
=856  4\$uhttp://catalog.hathitrust.org/Record/008919236
=880  10$6245-01/r$aالف ليلة وليلة :$bوآت الحوادث العجيبة والقصص المطربة الغريبة ....
=880  \\$6260-02/r$aمصر :$bمكتبة ومطبعة محمد علي صبيح وولاده،$c[18-؟]
=998  \\$a10/04/99$s9114$nNjP$d10/04/99$cJEB$bJEB$i991004$lNJPG
=911  \\$a19991014
=912  \\$a19991004000000.0
=994  \\$aC0$bPUL
=999  \\$a2551909
=979  \\$a(OCoLC)ocn177823176
=852  81$02855920$brcppa$t1$h2263.1800za$xtr fr anxa
=866  \0$02855920$80$aMujallad 1-mujallad 4
=866  \0$02855920$80$zDESIGNATOR: mujallad
=852  8\$08737052$belf1$hElectronic Resource
=959  \\$a2000-06-08 00:00:00 -0500

