=LDR  01195cam a22003375  4500
=001  2579849
=003  NjP
=005  20190705144358.0
=008  990728q18561857ir\\\\\\\\\\\\000\0\ara\d
=024  7\$aprinceton_aco004096$2local
=035  \\$9CMF1996TS
=035  \\$a(NjP)2579849
=040  \\$aPUL$cPUL$dPUL
=049  \\$aPULL
=035  \\$a(OCoLC)ocm41973043
=100  0\$6880-01$aḤarīrī,$d1054-1122.$0http://id.loc.gov/authorities/names/n82164402
=245  00$6880-02$aMaqāmāt al-Ḥarīrī [maʻa] sharḥ ...$bMuẓhir al-Dīn al-Shīrāzī.
=260  \\$6880-03$a[Tabrīz,$c1273 [1856 or 7]]
=300  \\$a199 p.$c28 cm.
=546  \\$aIn Arabic.
=880  0\$6100-01/r$aحريري،$d1054-1122.
=880  00$6245-02/r$aمقامات الحريري [مع] شرح ...$bمظهر الدين الشيرازي.
=880  \\$6260-03/r$a[تبريز،$c1273 [1856 or 7]]
=856  4\$uhttp://hdl.handle.net/2027/njp.32101063974099
=911  \\$a19991015
=994  \\$aC0$bPUL
=999  \\$a2579849
=979  \\$a(OCoLC)ocn178222811
=852  80$02884811$brcppa$t1$h2271.32.361.1856$xtr fr anxa
=852  8\$08738549$belf1$hElectronic Resource
=959  \\$a2000-06-08 00:00:00 -0400

