=LDR  00744cam a22002415  4500
=001  2579854
=003  NjP
=005  20001009141951.0
=008  990728q18891890ua\\\\\\\\\\\\000\0\ara\d
=024  7\$aprinceton_aco004629$2local
=035  \\$a(OCoLC)ocm41973294
=035  \\$9CMF2001TS
=040  \\$aPUL$cPUL
=100  0\$aImruʾ al-Qays,$d497-545.
=245  00$aSharḥ Dīwān ... lil-wazīr Abī Bakr ʻĀṣim ibn Ayyūb.
=260  \\$aCairo,$c1307 [1889 or 90]
=300  \\$a152 p.$c19 cm.
=546  \\$aIn Arabic.
=700  1\$aBaṭalyawsī, Abū Bakr ʻĀṣim ibn Ayyūb,$dd. 1101.
=945  \\$aANXA$b1$c2271.5045.385
=911  \\$a19991015
=852  80$02884816$brcppa$t1$h2271.5045.385$xtr fr anxa
=959  \\$a2006-10-11 09:37:29 -0500

