=LDR  01842cam a2200409 a 4500
=001  260023
=003  NjP
=005  20170905101915.0
=008  850521m19731976ir\\\\\\\\\\\\000\0\ara\d
=024  7\$aprinceton_aco002137$2local
=035  \\$a(OCoLC)77633905
=035  \\$a(OCoLC)ocn175970742
=035  \\$a(OCoLC)175970742
=035  \\$a(CStRLIN)NJPG85-B12144
=035  \\$9ABH5160TS
=035  \\$a(NjP)260023
=035  \\$a260023
=040  \\$aNjP$cPUL$dPUL
=049  \\$aPULL
=079  \\$aocm77633905
=100  1\$6880-01$aFīrūzābādī, Murtaḍá al-Ḥusaynī,$d1911-1990.$0http://id.loc.gov/authorities/names/no99047434
=245  10$6880-02$aKhulāṣat al-jawāhir maʻa al-bayān al-zāhir /$cbi-qalam al-Sayyid Murtaḍá al-Ḥusaynī al-Fīrūzābādī al-Yazdī.
=260  \\$6880-03$aṬihrān :$bDār al-Kutub al-Islāmīyah,$c1393-1397 [1973 or 1974-1976 or 1977]
=300  \\$a3 v. ;$c30 cm.
=500  \\$6880-04$aVols. 2-3 published by: Maktabat al-Fīrūzābādī, Qum.
=650  \0$aIslamic law.$0http://id.loc.gov/authorities/subjects/sh85068454
=880  1\$6100-01/r$aفيروزابادي، مرتضى الحسيني،$d1911-1990.
=880  10$6245-02/r$aخلاصة الجواهر مع البيان الزاهر /$cبقلم السيد مرتضى الحسيني الفيروزابادي اليزدي.
=880  \\$6260-03/r$aطهران :$bدار الكتب الاسلامية،$c1393-1397 [1973 or 1974-1976 or 1977]
=880  \\$6500-04/r$aVols. 2-3 published by: مكتبة الفيروزابادي، قم.
=998  \\$a05/28/85$s9114$nNjP$wNJPG85B12144$d05/21/85$cPIN$bMT$i850528$lNJPG
=911  \\$a19921028
=912  \\$a19990630060455.0
=994  \\$aC0$bPUL
=999  \\$a260023
=852  80$0284605$bnec$t1$cOversize$hKBL$i.F57q
=959  \\$a2000-06-13 00:00:00 -0400

