=LDR  02828cam a2200469 a 4500
=001  264393
=003  NjP
=005  20170605130659.0
=008  850625m19639999ir\\\\\\\b\\\\000\0\ara\d
=024  7\$aprinceton_aco003293$2local
=035  \\$a(OCoLC)33959700
=035  \\$a(OCoLC)ocn176005297
=035  \\$a(OCoLC)176005297
=035  \\$a(CStRLIN)NJPG85-B16221
=035  \\$9ABH9540TS
=035  \\$a(NjP)264393
=040  \\$aNjP$cPUL$dPUL
=049  \\$aPULL
=079  \\$aocm33959700
=100  1\$6880-01$aMuʻizzī al-Dizfūlī, Muḥammad ʻAlī,$d-1920 or 1921.$0http://id.loc.gov/authorities/names/nr90006958
=240  10$6880-02$aTajdīd al-dawāris wa-taḥdīd al-madāris
=245  10$6880-03$aKitāb Tajdīd al-dawāris wa-taḥdīd al-madāris fī aḥkām al-miyāh wa-al-wuḍʼ̄u /$ctaʼlīf Muḥammad ʻAlī al-Muʻizzī al-Dizfūlī.
=260  \\$6880-04$aQum :$bal-Maṭbaʻah al-ʻIlmīyah,$c1383- [1963- ]
=300  \\$av. ;$c24 cm.
=500  \\$aVol. 8 published by: Qum : Chāpkhānah-ʼi Ḥikmat.
=504  \\$aIncludes bibliographical references.
=505  1\$6880-05$ajuzʼ 1. Fī aḥkām al-miyāh wa-al-wuḍūʼ -- juzʼ 2. Fī aḥkām al-aghsāl -- juzʼ 3. Fī aḥkām al-tayammum wa-al-najāsāt wa-al-muṭahharāt -- juzʼ 4. Fī aḥkām al-ṣalawāt -- juzʼ 6. Fī aḥkām al-ṣiyām -- juzʼ 7. Fī aḥkām al-makāsib wa-al-wuqūf wa-al-buyūʻ wa-al-khiyārāt wa-al-shurūṭ wa-al-qabḍ -- juzʼ 8. Fī al-mukhtaliṭāt --
=650  \0$aPurity, Ritual$xIslam.$0http://id.loc.gov/authorities/subjects/sh85109199
=880  1\$6100-01/r$aمعزي الدزفولي، محمد علي،$d-1920 or 1921.
=880  10$6240-02/r$aتجديد الدوارس وتحديد المدارس
=880  10$6245-03/r$aكتاب تجديد الدوارس وتحديد المدارس في احكام المياه والوضؤ /$cتأليف محمد علي المعزي الدزفولي.
=880  \\$6260-04/r$aقم :$bالمطبعة العلمية،$c1383- [1963- ]
=880  1\$6505-05/r$aجزء 1. في احكام المياه والوضوء جزء 2. في احكام الاغسال جزء 3. في احكام التيمم والنجاسات والمطهرات جزء 4. في احكام الصلوات جزء 6. في احكام الصيام جزء 7. في احكام المكاسب والوقوف والبيوع والخيارات والشروط والقبض جزء 8. في المختلطات
=998  \\$a12/13/95$s9118$nNjP$wNJPG85B16221$d06/25/85$cNHD$bAND$i951213$lNJPG
=948  \\$aCON
=911  \\$a19951221
=912  \\$a19951213000000.0
=994  \\$aC0$bPUL
=999  \\$a264393
=852  81$0289388$brcppa$t1$hKBL$i.M84$xtr fr arab
=866  \0$0289388$80$ajuzʾ 1-4, 6-8
=959  \\$a2000-06-13 00:00:00 -0400

