=LDR  02105cam a2200385 a 4500
=001  2695258
=003  NjP
=005  20170926175830.0
=008  000106s1905\\\\ti\\\\\\\\\\\\000\0\ara\d
=024  7\$aprinceton_aco002643$2local
=035  \\$a(OCoLC)ocn178263296
=040  \\$aNjP$cPUL$dPUL
=035  \\$a(OCoLC)178263296
=035  \\$9CMV5885TS
=035  \\$a(NjP)2695258
=079  \\$aocm79063029
=049  \\$aPULL
=100  1\$6880-01$aSharīf, Ibrāhīm ibn Muḥammad.
=240  10$6880-02$aBaḥr al-ṭāfiḥ fī baʻḍ faḍāʼil shaykh al-ṭarīq Sīdī Muḥammad al-Ṣāliḥ
=245  10$6880-03$aHādhihi al-risālah al-musammāh bi-al-Baḥr al-ṭāfiḥ fī baʻḍ faḍāʼil shaykh al-ṭarīq Sīdī Muḥammad al-Ṣāliḥ, raḍiya Allāh ʻanhu ... /$ctaʼlīf Ibrāhīm ibn Muḥammad al-Sāhī ibn Ibrāhīm ibn Muḥammad ibn ʻĀmir al-Sūfī al-Wādī al-Sharīf.
=260  \\$6880-04$aTūnis :$bMaṭbaʻat Bīkār wa-Sharikāʼuh,$c1323 [1905 or 1906]
=300  \\$a52 p. ;$c25 cm.
=600  10$6880-05$aṢāliḥ, Muḥammad,$cSīdī.$0http://id.loc.gov/authorities/names/no00003745
=650  \0$aSufism.$0http://id.loc.gov/authorities/subjects/sh85129660
=880  1\$6100-01/r$aشريف، ابراهيم بن محمد.
=880  10$6240-02/r$aبحر الطافح في بعض فضائل شيخ الطريق سيدي محمد الصالح
=880  10$6245-03/r$aهذه الرسالة المسماه بالبحر الطافح في بعض فضائل شيخ الطريق سيدي محمد الصالح، رضي الله عنه ... /$cتأليف ابراهيم بن محمد الساهي بن ابراهيم بن محمد بن عامر السوفي الوادي الشريف.
=880  \\$6260-04/r$aتونس :$bمطبعة بيكار وشركاؤه،$c1323 [1905 or 1906]
=880  10$6600-05/r$aصالح، محمد،$cسيدي.
=948  \\$ajeb
=911  \\$a20000106
=994  \\$aC0$bPUL
=999  \\$a2695258
=852  00$03004342$brcppa$t1$hBP80$i.S275 S52 1905$xtr fr anxa
=959  \\$a2000-06-13 00:00:00 -0500

