=LDR  02582cam a2200421 a 4500
=001  2701942
=003  NjP
=005  20190705144430.0
=008  000121q18001899mr\\\\\\\\\\\\000\0\ara\d
=024  7\$aprinceton_aco004612$2local
=035  \\$9CMW5268TS
=035  \\$a(NjP)2701942
=040  \\$aNjP$cPUL$dPUL
=049  \\$aPULL
=035  \\$a(OCoLC)ocm82496015
=100  1\$6880-01$aBābā, Aḥmad ibn Aḥmad,$d1556-1627.$0http://id.loc.gov/authorities/names/n88242660
=240  10$aSelections.$f1800
=245  13$6880-02$aal-Ḥamd lillāh ishtamalat hādhihi al-malzamah ... ʻalá taghāyīr arbaʻ :$bahaḍuhā yusammá Irshād al-wāqif li-maʻná wa-khaṣṣaṣat niyyat al-ḥālif, wa-thānīhā Fatḥ al-Razzāq fī masʼalat al-shakk fī al-ṭalāq, wa-thālithuhā Ifhām al-sāmiʻ bi-maʻná qawl al-Shaykh Khalīl fī al-nikāḥ bi-al-manāfiʻ, wa-rābiʻuhā Anfus al-aʻlāq fī fatḥ al-istighlāq min fahm kalām Khalīl fī darak al-ṣadāq /$cwa-kilāhā lil-ʻallāmah Aḥmad Bābā.
=260  \\$a[Morocco? :$bs.n.,$c18--?]
=300  \\$a8, 6 p. ;$c22 cm.
=500  \\$aCover title.
=650  \0$aMarriage (Islamic law)$0http://id.loc.gov/authorities/subjects/sh85081448
=650  \0$aDivorce (Islamic law)$0http://id.loc.gov/authorities/subjects/sh85038630
=600  00$6880-03$aKhalīl ibn Isḥāq al-Jundī,$d-1365?$0http://id.loc.gov/authorities/names/n79121389
=655  \7$aLithographs$zMorocco$2gmgpc
=880  1\$6100-01/r$aبابا، احمد بن احمد،$d1556-1627.
=880  12$6245-02/r$aالحمد للاه اشتملة هذه الملزمة ... على تغايير اربع :$bاهضها يسمى ارشاد الواقف لمعنى وخصصة نية الحالف، وثانيها فتح الرزاق في مسألة الشك في الطلاق، وثالثها افهام السامع بمعنى قول الشيخ خليل في النكاح بالمنافع، ورابعها انفس الاعلاق في فتح الاستغلاق من فهم كلام خليل في درك الصداق /$cوكلاها للعلامة احمد بابا.
=880  00$6600-03/r$aخليل بن اسحاق الجندي،$dd. 1365؟
=856  4\$uhttp://hdl.handle.net/2027/njp.32101076412905
=948  \\$ajeb
=911  \\$a20000121
=912  \\$a20000121051700.0
=994  \\$aC0$bPUL
=999  \\$a2701942
=979  \\$a(OCoLC)ocn178305608
=852  80$03011633$brcppa$t1$h2271.5084.566 1800z$xtr fr f
=852  8\$08743028$belf1$hElectronic Resource
=959  \\$a2000-06-08 00:00:00 -0500

