=LDR  00745cam a2200241 i 4500
=001  2728363
=003  NjP
=005  20150122150329.0
=008  790306s1903\\\\ua\\\\\\\\\\\\000\0\arard
=024  7\$aprinceton_aco004578$2local
=035  \\$a(OCoLC)ocm04718011
=035  \\$9CNB3434TS
=040  \\$aCLU$cCLU$dPUL
=100  1\$aJāwīsh, Najīb Asʻad.
=245  10$aRiwāyat maghāyir al-jinn /$cNajīb Asʻad Jāwīsh.
=250  \\$aṬabʻah 2.
=260  \\$aAlexandria :$bJirjī Gharzūzī,$c1903-
=300  \\$a2 pt. in 1 v. ;$c23 cm.
=500  \\$aCover title.
=945  \\$aANXA$b1$c2271.505485.J495.377.1903
=911  \\$a20000130
=852  80$03038812$brcppa$t1$h2271.505485.J495.377.1903$xtr fr anxa
=959  \\$a2008-01-25 14:28:51 -0500

