=LDR  01401cam a2200409 a 4500
=001  2739274
=003  NjP
=005  20160920090204.0
=008  821015s1970\\\\iq\\\\\\\\\\\f000\0\ara\\
=024  7\$aprinceton_aco002021$2local
=010  \\$a   72225654 
=035  \\$a(OCoLC)ocn178029486
=035  \\$a(OCoLC)ocm08864675
=035  \\$a(OCoLC)178029486
=035  \\$9CNC8307TS
=035  \\$a(NjP)2739274
=040  \\$aDLC$cPUL$dPUL
=043  \\$aa-iq---
=049  \\$aPULL
=050  \\$aHD2111.I72$bK5
=079  \\$aocm43909126$zocm08864675
=100  1\$6880-01$aKhayyāṭ, Kamāl Muḥammad Saʻīd.
=245  14$aThe Agricultural sector in Iraq :$ba comprehensive survey of its resources and an evaluation of its development /$cby Kamal Mohammed Sa ́id al-Khayat.
=260  \\$a[s.. :$bKhayat?]$c1970.
=300  \\$a6, 287 p. :$billus. ;$c24 cm.
=500  \\$aArabic.
=500  \\$aCover title.
=500  \\$6880-02$aTitle romanized: al-Qiṭāʻ al-zirāʻī fī al-ʻIrāq.
=504  \\$aBibliography: p. 275-281.
=650  \0$aAgriculture$xEconomic aspects$zIraq.
=880  1\$6100-01/r$aخياط، كمال محمد سعيد.
=880  \\$6500-02/r$aTitle romanized: القطاع الزراعي في العراق.
=911  \\$a20000130
=994  \\$aC0$bPUL
=999  \\$a2739274
=852  00$03049870$bnec$t1$hHD2111.I72$iK5 1970
=959  \\$a2009-06-30 15:02:17 -0400

