=LDR  02755cam a2200493   4500
=001  2739360
=003  NjP
=005  20190705144445.0
=008  821102s1968\\\\iq\\\\\\\\\\\\000\0\ara\\
=024  7\$aprinceton_aco004053$2local
=010  \\$a   70251798 
=040  \\$aDLC$cPUL$dPUL
=035  \\$9CNC8423TS
=035  \\$a(NjP)2739360
=050  0\$aBP174$b.I19
=049  \\$aPULL
=019  \\$a222877678
=035  \\$a(OCoLC)ocm08914946$z(OCoLC)ocn222877678
=100  1\$6880-01$aIbn Daqīq al-ʻĪd, Muḥammad ibn ʻAlī,$d1228-1302.$0http://id.loc.gov/authorities/names/n84216766
=245  13$6880-02$aal-Muntaqā min Iḥkām al-aḥkām, sharḥ ʻumdat al-aḥkām.$cli-Ibn Daqīq al-ʻĪd.
=250  \\$6880-03$aal-Ṭabʻah 1.
=260  \\$6880-04$aBaghdād,$bDār al-Nadhīr lil-Ṭibāʻah wa-al-Nashr,$c1968.
=300  \\$a250 p.$c25 cm.
=490  1\$6880-05$aMaṭbūʻāt Kullīyat al-dirāsāt al-Islāmīyah.
=500  \\$aAn abridgment of Imād al-Dīn ibn al-Athīr's Aḥkām al-Aḥkām, itself a commentary on al-Jammāʻīlī's ʻUmdat al-Aḥkām ʻan Sayyid al-anām.
=650  \0$aIslam$xCustoms and practices$0http://id.loc.gov/authorities/subjects/sh87005732
=650  \0$aHadith$xCriticism, interpretation, etc.$0http://id.loc.gov/authorities/subjects/sh85058195
=700  1\$6880-06$aʻImād al-Dīn ibn al-Athīr, Ismāʻīl ibn Aḥmad,$d. d.1299 1300.$tIḥkām al-Aḥkām.
=700  1\$6880-07$aJammāʻīlī, ʻAbd al-Ghanī ibn ʻAbd al-Wāḥid,$d1146-1203.$tʻUmdat al-aḥkām.$0http://id.loc.gov/authorities/names/n84010934
=810  2\$6880-08$aKullīyat al-Dirāsāt al-Islāmīyah (Baghdad, Iraq).$tMaṭbūʻāt.
=880  1\$6100-01/r$aابن دقيق العيد، محمد بن علي،$d1228-1302.
=880  12$6245-02/r$aالمنتقا من احكام الاحكام، شرح عمدة الاحكام.$cلابن دقيق العيد.
=880  \\$6250-03/r$aالطبعة 1.
=880  \\$6260-04/r$aبغداد،$bدار النذير للطباعة والنشر،$c1968.
=880  1\$6490-05/r$aمطبوعات كلية الدراسات الاسلامية.
=880  1\$6700-06/r$aعماد الدين بن الاثير، اسماعيل بن احمد،$d. د.1299 1300.$tاحكام الاحكام.
=880  1\$6700-07/r$aجماعيلي، عبد الغني بن عبد الواحد،$d1146-1203.$tعمدة الاحكام.
=880  2\$6810-08/r$aكلية الدراسات الاسلامية (بغدد، العراق).$tمطبوعات.
=911  \\$a20000130
=994  \\$aC0$bPUL
=999  \\$a2739360
=979  \\$a(OCoLC)ocn178030387
=852  00$03049957$brcppa$t1$hBP174$i.I263 1968$xtr fr nec
=959  \\$a2009-06-30 13:45:05 -0400

