=LDR  00988cam a2200253   4500
=001  2740192
=003  NjP
=005  20171006171301.0
=008  830225s1961\\\\iq\\\\\\\\\\\\000\0\ara\d
=024  7\$aprinceton_aco002134$2local
=035  \\$a(OCoLC)ocm09258207
=035  \\$9CNC9527TS
=040  \\$aSOI$cSOI$dPUL
=092  \\$a956.7$bI65t
=110  1\$aIraq.$bLajnah al-ʻUlyā li-Iḥtifālāt 14 Tammūz.
=245  10$aThawrat arba'ata 'ashar Tammûz fî 'âmihâ al-thâlith.
=260  \\$aBaghdâd,$bTaba'a tahta Ashrâf Lajnat al-Da'âyah wa-al-Nashr li-Iḥtifâlât 14 Tammûz,$c1961.
=300  \\$a461 p.$billus., plates, port.$c24 cm.
=651  \0$aIraq$xHistory$yRevolution, 1958.$0http://id.loc.gov/authorities/subjects/sh85067949
=651  \0$aIraq$xPolitics and government$0http://id.loc.gov/authorities/subjects/sh93003202
=945  \\$aF$b1$c2251.4914.1961
=911  \\$a20000130
=852  00$03050801$bnec$t1$hDS79.65$i.I753 1961
=959  \\$a2000-06-13 00:00:00 -0400

