=LDR  00903cam a2200253 a 4500
=001  2740953
=003  NjP
=005  20171006171606.0
=008  830803s1952\\\\ua\\\\\\\\\\\\000\0\arard
=024  7\$aprinceton_aco002357$2local
=035  \\$a(OCoLC)ocm09772481
=035  \\$9CND0567TS
=040  \\$aIXA$cIXA$dPUL
=100  1\$aShukrī, Muḥammad Fuʾād.
=245  10$aʻAbd Allāh Zhāk Minū wa-khurūj al-Firansīyīn min Miṣr,$cta'līf Muḥammad Fuʾād Shukrī.
=260  \\$aMisr,$bJamāʻat al-Azhar lil-Nashr wa-al-Taʾlīf,$c1371/[1952]
=300  \\$a7, 704 p. :$bfold. maps ;$c25 cm.
=504  \\$aBibliography: p. [689]-704.
=500  \\$aIn Arabic.
=600  10$aMenou, Jacques,$d1750-1810.$0http://id.loc.gov/authorities/names/n86836665
=945  \\$aF$b1$c2274.8784.311
=911  \\$a20000130
=852  00$03051580$bnec$t1$hDC146.M46$iS585 1952
=959  \\$a2009-07-02 08:50:08 -0400

