=LDR  01268cam a2200289   4500
=001  2741171
=003  NjP
=005  20180315102039.0
=008  830916s1968\\\\iq\\\\\\\\\\\\000\0\ararc
=024  7\$aprinceton_aco002110$2local
=010  \\$a   71232401 /NE 
=035  \\$a(OCoLC)ocm09918051
=035  \\$9CND0874TS
=040  \\$aPrinceton Univ. Libr.$cTKN$dTKN$dIUL$dPUL
=050  04$aDS124$b.U4
=100  1\$aʻUlaymī, ʻAbd al-Raḥmān ibn Muḥammad,$d1456-approximately 1521.$0http://id.loc.gov/authorities/names/n84029870
=245  13$aal-Uns al-jalīl bi-tārīkh al-Quds wa-al-Khalīl,$ctaʼlīf Qādī al-Quḍāh Abū al-Yaman al-Qādī Mujīr al-Dīn al-Ḥanbalī. Qaddamahu Muhammad Baḥr al-ʻUlūm.
=250  \\$a[al.Tabʻah 2.]
=260  \\$aal-Najaf,$bal-Maṭbaʻah al-Ḥagdarīyah,$c1968.
=300  \\$a2 v.$c26 cm.
=500  \\$aCover title: al-Auns al-jalil for Jerusalem & Khlil's history. By al-imam the Supreme Judge Aboo al-Yaman Moseer al-Din al-Hanbaly.
=651  \0$aPalestine$xHistory.$0http://id.loc.gov/authorities/subjects/sh85097166
=945  \\$aF$b1$c2276.921.349.1968$ev.1-2
=911  \\$a20000130
=852  01$03051804$bnec$t1$hDS124$i.U4 1968
=866  \0$03051804$80$av.1-2
=959  \\$a2001-04-11 08:49:10 -0400

