=LDR  01803cam a2200373 a 4500
=001  2742256
=003  NjP
=005  20190705144456.0
=008  840213s1967\\\\ir\\\\\\\\\\\\000\0carard
=024  7\$aprinceton_aco004821$2local
=040  \\$aIUL$cPUL$dPUL
=035  \\$9CND2335TS
=035  \\$a(NjP)2742256
=041  1\$aaraper$hara
=049  \\$aPULL
=035  \\$a(OCoLC)ocm10407397
=100  1\$6880-01$aMufīd, Muḥammad ibn Muḥammad,$d-1022.$0http://id.loc.gov/authorities/names/n80072488
=245  13$6880-02$aal-Irshād :$bfī maʻrifat ḥujaj Allāh ʻalá al-ʻibād /$cli-muʻallifihi Muḥammad ibn Muḥammad ibn al-Nuʻmān al-mulaqqab bi-al-Mufīd ; ba-tarjamah va-sharḥ bi-qalam Sayyid Hāshim Rasūlī.
=260  \\$6880-03$aTihrān :$bIntishārāt ʻIlmīyah Islāmīyah,$c[1967?]
=300  \\$a2 v. ;$c25 cm.
=650  \0$aImams (Shiites)$vBiography.$0http://id.loc.gov/authorities/subjects/sh2008104277
=600  00$aʻAlī ibn Abī Ṭālib,$cCaliph,$dca. 600-661$vBiography.
=700  1\$6880-04$aRasūlī Maḥallātī, Sayyid Hāshim.
=880  1\$6100-01/r$aمفيد، محمد بن محمد،$dd. 1022.
=880  12$6245-02/r$aالارشاد :$bفي معرفة حجج الله على العباد /$cلمعلفه محمد بن محمد بن النعمان الملقب بالمفيد ؛ بترجمة ڤشرح بقلم سيد هاشم رسولي.
=880  \\$6260-03/r$aتهران :$bانتشارات علمية اسلامية،$c[1967؟]
=880  1\$6700-04/r$aرسولي محلاتي، سيد هاشم.
=911  \\$a20000130
=994  \\$aC0$bPUL
=999  \\$a2742256
=979  \\$a(OCoLC)ocn178061582
=852  81$03052899$brcppa$t1$h2272.6642.349.1967$xtr fr f
=866  \0$03052899$80$av.1-2
=959  \\$a2003-03-21 08:49:50 -0400

