=LDR  01174cam a22003495  4500
=001  2750017
=003  NjP
=005  20171010171844.0
=008  861126s1968\\\\iq\\\\\\\\\\\\000\0\ara\d
=024  7\$aprinceton_aco002171$2local
=035  \\$a(OCoLC)ocn178152637
=035  \\$a(OCoLC)ocm14877819
=040  \\$aWAU$cPUL$dPUL
=035  \\$a(OCoLC)178152637
=035  \\$9CNE2014TS
=035  \\$a(NjP)2750017
=079  \\$aocm14877819$zocm43242714
=049  \\$aPULL
=100  1\$6880-01$aʻAjalī, Maʻn.
=245  10$6880-02$aMādhā fī shamāl al-ʻIrāq?$c[taʼlīf] Maʻn al-ʻAjalī.
=260  \\$6880-03$a[Baghdād?]$c1968.
=300  \\$a100 p.
=651  \0$aIraq$xPolitics and government.$0http://id.loc.gov/authorities/subjects/sh93003202
=650  \0$aKurds.$0http://id.loc.gov/authorities/subjects/sh85073467
=880  1\$6100-01/r$aعجلي، معن.
=880  10$6245-02/r$aماذا في شمال العراق؟$c[تأليف] معن العجلي.
=880  \\$6260-03/r$a[بغداد؟]$c1968.
=911  \\$a20000130
=994  \\$aC0$bPUL
=999  \\$a2750017
=852  00$03060731$bnec$t1$hDS70.8.K8$iA335 1968
=959  \\$a2009-06-29 12:43:20 -0400

