=LDR  01004cam a2200277 a 4500
=001  2751786
=003  NjP
=005  20171010172229.0
=008  870717s1928\\\\tu\\\\\\\\\\\\000\0\ara\d
=024  7\$aprinceton_aco004429$2local
=010  \\$a   74204792  
=035  \\$a(OCoLC)ocm16219113
=035  \\$9CNE4184TS
=040  \\$aEEM$cEEM$dPUL
=041  0\$aaratur
=245  03$aal-Qawānīn al-kullīyah li-ḍabṭ al-lughah al-Turkīyah.
=260  \\$aIstanbul :$bIstanbul Universitesi, Turkiyat Enstitusu Nesriyati,$c1928.
=300  \\$a7, 94 p. ;$c25 cm.
=500  \\$aText in Arabic; introduction and notes in Turkish.
=500  \\$aMehmet Fuat Köprülü, editor, cf. NUC pre-1956.
=650  \0$aTurkish language$vTextbooks for foreign speakers$xArabic.
=700  1\$aKöprülü, Mehmet Fuat,$d1890-1966.$0http://id.loc.gov/authorities/names/n82246239
=945  \\$aSY$b1$c2068.744
=911  \\$a20000130
=852  80$03062515$brcppa$t1$h2068.744$xtr fr anxa
=959  \\$a2000-06-13 00:00:00 -0500

