=LDR  01364cam a2200313 a 4500
=001  2752837
=003  NjP
=005  20171010172428.0
=008  880108s196u\\\\ir\\\\\\\\\\\\000\0\arard
=024  7\$aprinceton_aco004674$2local
=035  \\$a(OCoLC)ocm17319105
=035  \\$9CNE5574TS
=040  \\$aOSU$cOSU$dPUL
=041  1\$aaraper$hara
=100  1\$aKulaynī, Muḥammad ibn Yaʻqūb,$d-941?$0http://id.loc.gov/authorities/names/n80158377
=240  10$aKāfī.$lPersian & Arabic.$kSelections.$f1980
=245  10$aUṣūl-i Kāfī /$ctaʾlīf-i Abī Jaʻfar Muḥammad ibn Yaʻqūb ibn Isḥāq al-Kulaynī al-Rāzī ; bā tarjamah va sharḥ bi-qalam-i Javād Muṣṭafavī.
=260  \\$a[Tehran] :$bIntishārāt-i ʻIlmīyah-i Islāmīyah,$c[196-?]
=300  \\$a4 v. in 2 ;$c25 cm.
=500  \\$aText in Arabic; commentary and translation in Persian.
=500  \\$aVol. 4: Commentary and translation by Hāshim Rasūlī Maḥallātī.
=650  \0$aHadith (Shiites)$vEarly works to 1800.$0http://id.loc.gov/authorities/subjects/sh2008121359
=700  1\$aMuṣṭafavī, Javād.
=700  2\$aRasūlī Maḥallātī, Hāshim.
=945  \\$aF$b1$c2271.518.351.1965$ev.1-4
=911  \\$a20000130
=852  81$03063571$brcppa$t1$h2271.518.351.1965$xtr fr f
=866  \0$03063571$80$av.1-4
=959  \\$a2003-03-20 15:05:47 -0500

