=LDR  02450cam a2200517 a 4500
=001  2755172
=003  NjP
=005  20171010172921.0
=008  890209m19541956mr\\\\\\\b\\\\001\0\arard
=024  7\$aprinceton_aco002469$2local
=035  \\$a(OCoLC)ocn178221425
=035  \\$a(OCoLC)ocm19125026
=040  \\$aWAU$cPUL$dPUL
=035  \\$a(OCoLC)178221425
=035  \\$9CNE8485TS
=035  \\$a(NjP)2755172
=043  \\$aff-----
=079  \\$aocm19125026
=049  \\$aPULL
=100  1\$6880-01$aNāṣirī, Abū al-ʻAbbās Aḥmad ibn Khālid,$d1835-1897.
=240  10$6880-02$aIstiqṣā
=245  10$6880-03$aKitāb al-Istiqṣā li-akhbār duwal al-Maghrib al-aqṣá /$cAbū al-ʻAbbās Aḥmad ibn Khālid al-Nāṣirī ; taḥqīq wa-taʻlīq wulday al-muʼallif, Jaʻfar al-Nāṣirī wa-Muḥammad al-Nāṣirī.
=260  \\$6880-04$aal-Dār al-Bayḍāʼ :$bDār al-Kitāb,$c1954-1956.
=300  \\$a9 v.in 4. ;$c23 cm.
=504  \\$aIncludes bibliographical references and indexes.
=500  \\$aIn Arabic.
=500  \\$aAdded cover-title: al-Istiq.̧..
=500  \\$6880-05$aEdited by Jaʻfar al-Nāsirī and Muhammad al-Nāsirī.
=651  \0$aAfrica, North$xHistory$y647-1517.$0http://id.loc.gov/authorities/subjects/sh85001640
=651  \0$aAfrica, North$xHistory$y1517-1882.$0http://id.loc.gov/authorities/subjects/sh85001641
=700  1\$aNāṣirī, Jaʻfar ibn Aḥmad,$d1893-1980.$0http://id.loc.gov/authorities/names/nr91011682
=700  1\$6880-06$aNāṣirī, Muḥammad al-Makkī.
=740  0\$6880-07$aIstiqṣá.
=880  1\$6100-01/r$aناصري، ابو العباس احمد بن خال،$d18351897.
=880  10$6240-02/r$aاستقصا
=880  10$6245-03/r$aكتاب الاستقصا لاخبار دول المغرب الاقصى /$cابو العباس احمد بن خال الناصري ؛ تحقيق وتعليق ولدي المؤلف، جعفر الناصري ومحمد الناصري.
=880  \\$6260-04/r$aالدار البيضاء :$bدار الكتاب،$c19541956.
=880  \\$6500-05/r$aEdited by جعفر الناسري اند مهمد الناسري.
=880  1\$6700-06/r$aناصري، محمد المكي.
=880  0\$6740-07/r$aاستقصى.
=911  \\$a20000130
=994  \\$aC0$bPUL
=999  \\$a2755172
=852  01$03065915$bnec$t1$hDT194$i.N375 1954
=866  \0$03065915$80$av.1-9
=959  \\$a2000-06-13 00:00:00 -0500

