=LDR  01605cam a2200409   4500
=001  2755796
=003  NjP
=005  20170516151247.0
=008  890501s1965\\\\iq\\\\\\\\\\\\000\0\arar\
=024  7\$aprinceton_aco002517$2local
=010  \\$ane 68000832 
=035  \\$a(OCoLC)ocn178229700
=035  \\$a(OCoLC)ocm19638435
=035  \\$a(OCoLC)178229700
=035  \\$9CNE9263TS
=035  \\$a(NjP)2755796
=040  \\$aDLC$cPUL$dPUL
=043  \\$aa-iq---
=049  \\$aPULL
=050  0\$aGN456.81.I7$bS8
=066  \\$c(3
=079  \\$aocm19638435
=100  1\$6880-01$aSūdānī, ʻAbd al-Ḥasan al-Mufawʻir.
=245  13$6880-02$aal-Alʻāb al-shaʻbīyah fī al-ʻImārah,$ctaʾlīf ʻAbd al-Ḥasan al-Mufawʻir al-Sūdānī.
=260  \\$6880-03$aBaghdād,$bMudīrīyat al-Funūn wa-al-Thaqāfah al-Shaʻbīyah fī Wizārat al-Thaqāfah wa-al-Irshād,$c1965.
=300  \\$a84 p.$c21 cm.
=490  0\$6880-04$aSilsilah al-thaqāfīyah,$v10
=650  \0$aGames$zIraq.
=880  1\$6100-01/(3/r$aسوداني، عبد الحسن المفوعر.
=880  12$6245-02/(3/r$aالالعاب الشعبية في العمارة،$cتأليف عبد الحسن المفوعر السوداني.
=880  \\$6260-03/(3/r$aبغداد،$bمديرية الفنون والثقافة الشعبية في وزارة الثقافة والارشاد،$c1965.
=880  0\$6490-04/(3/r$aسلسلة الثقافية،$v10
=911  \\$a20000130
=994  \\$aC0$bPUL
=999  \\$a2755796
=852  00$03066547$bnec$t1$hGV1204.81.I72$iS833 1965
=959  \\$a2009-07-02 12:24:30 -0500

