=LDR  01351cam a2200385   4500
=001  2758769
=003  NjP
=005  20170516151319.0
=008  900717s1970\\\\iq\a\\\\\b\\\\000\0\arar\
=024  7\$aprinceton_aco003210$2local
=010  \\$a   78280015 
=035  \\$a(OCoLC)ocn178269022
=035  \\$a(OCoLC)ocm22065752
=035  \\$a(OCoLC)178269022
=035  \\$9CNF2881TS
=035  \\$a(NjP)2758769
=040  \\$aDLC$cPUL$dPUL
=043  \\$aa-iq---
=049  \\$aPULL
=050  0\$aBP187.6.B24$bA14
=079  \\$aocm22065752
=100  1\$6880-01$aBadrī, Shākir.
=245  10$6880-02$aDalīl al-ʻābid ilá niẓām al-maʻābid$c[taʼlīf] Shākir al-Badrī.
=260  \\$6880-03$aBaghdād,$bal-Madrasah al-Aṣafīyah al-ʻIlmīyah al-Dīnīyah,$c1970.
=300  \\$a116 p.$billus.$c24 cm.
=504  \\$aIncludes bibliographical references.
=650  \0$aMosques$zIraq$zBaghdad.
=880  1\$6100-01/r$aبدري، شاكر.
=880  10$6245-02/r$aدليل العابد الى نظام المعابد$c[تأليف] شاكر البدري.
=880  \\$6260-03/r$aبغداد،$bالمدرسة الاصفية العلمية الدينية،$c1970.
=911  \\$a20000130
=994  \\$aC0$bPUL
=999  \\$a2758769
=852  00$03069535$brcppa$t1$hBP187.6.B24$iA14 1970$xtr fr nec
=959  \\$a2009-06-29 15:14:55 -0400

