=LDR  02360cam a2200385   4500
=001  2758815
=003  NjP
=005  20171010173606.0
=008  900719s1933\\\\ua\\\\\\\\\\\\000\0barar\
=024  7\$aprinceton_aco002720$2local
=010  \\$a   61020364 
=035  \\$a(OCoLC)ocn178269706
=035  \\$a(OCoLC)ocm22103289
=040  \\$aDLC$cPUL$dPUL
=035  \\$a(OCoLC)178269706
=035  \\$9CNF2934TS
=035  \\$a(NjP)2758815
=079  \\$aocm22103289
=049  \\$aPULL
=245  00$6880-01$aMaḥāsin al-masāʻī fī manāqib al-Imām Abī ʻAmr al-Awzāʻī,$bʻan nuskhah makhṭūṭah wujidat fī Maktabat Barlīn al-Mulūkīyah$cbi-qalam Zayn al-Dīn ibn Taqī al-Dīn ibn ʻAbd al-Raḥmān al-Khaṭīb. Nashara hādhā al-kitāb baʻda tanqīhahu bi-qalamihi wa-taʻlīq ḥawāshīh wa-taṣdīruh bi-muqaddimah ʻan al-Imām al-Awzāʻī wa-bi-tarājum al-ʻulamāʼ lahu al-amīr Shakīb Arslān.
=260  \\$6880-02$aMiṣr,$bMaṭbaʻat ʻĪsá al-Bābī al-Ḥalabī$c[tārīkh al-muqaddimah 1352 1933]
=300  \\$a166 p.$c20 cm.
=500  \\$aTitle-page and text in Arabic.
=500  \\$aEdited by Shakīb Arislān.
=600  10$6880-03$aAwzāʻī, ʻAbd al-Raḥmān ibn ʻAmr,$d706 or 7-774.
=700  1\$6880-04$aArslān, Shakīb,$cAmīr,$d1869-1946,$eeditor.$0http://id.loc.gov/authorities/names/n82164405
=880  00$6245-01/r$aمحاسن المساعي في مناقب الامام ابي عمرو الاوزاعي،$bعن نسخة مخطوطة وجدة في مكتبة برلين الملوكية$cبقلم زين الدين بن تقي الدين بن عبد الرحمن الخطيب. نشر هذه الكتاب بعد تنقيهه بقلمه وتعليق حواشيه وتصديره بمقدمة عن الامام الاوزاعي وبتراجم العلماء له الامير شكيب ارسلان.
=880  \\$6260-02/r$aمصر،$bمطبعة عيسى البابي الحلبي$c[تاريخ المقدمة 1352 1933]
=880  10$6600-03/r$aاوزاعي، عبد الرحمن بن عمرو،$d706 or 7-774.
=880  1\$6700-04/r$aارسلان، شكيب،$cامير،$d1869-1946،$eط.
=911  \\$a20000130
=994  \\$aC0$bPUL
=999  \\$a2758815
=852  00$03069581$brcppa$t1$hBP80.A93$iM343 1933$xtr fr nec
=959  \\$a2009-06-29 11:36:22 -0500

