=LDR  01607cam a2200397   4500
=001  2760150
=003  NjP
=005  20170516151337.0
=008  910219s1968\\\\iq\\\\\\\b\\\\000\0\arar\
=024  7\$aprinceton_aco002929$2local
=010  \\$a   74255790 
=035  \\$a(OCoLC)ocn178287245
=035  \\$a(OCoLC)ocm23121410
=040  \\$aDLC$cPUL$dPUL
=035  \\$a(OCoLC)178287245
=035  \\$9CNF4537TS
=035  \\$a(NjP)2760150
=050  0\$aBP136.48$b.M3
=079  \\$aocm23121410
=049  \\$aPULL
=100  1\$6880-01$aMaʻrūf, Bashshār ʻAwwād.
=245  13$6880-02$aal-Mundhirī wa-kitābuhu al-Takmilah li-wafayāt al-naqalah$c[taʼlīf] Bashshār ʻAwwād Maʻrūf.
=260  \\$6880-03$aal-Najaf,$bMaṭbaʻat al-Ādāb,$c1968.
=300  \\$a384 p.$c24 cm.
=500  \\$aCover title: al-Mundhiri and his book al-Takmila, by Bashar A. Marouf.
=504  \\$aBibliography: p. 296-323.
=600  10$6880-04$aMundhirī, ʻAbd al-ʻAẓīm ibn ʻAbd al-Qawī,$d1185-1258.$tTakmilah li-wafayāt al-naqalah.
=880  1\$6100-01/r$aمعروف، بشار عواد.
=880  12$6245-02/r$aالمنذري وكتابه التكملة لوفيات النقلة$c[تأليف] بشار عواد معروف.
=880  \\$6260-03/r$aالنجف،$bمطبعة الاداب،$c1968.
=880  10$6600-04/r$aمنذري، عبد العظيم بن عبد القوي،$d1185-1258.$tتكملة لوفيات النقلة.
=911  \\$a20000130
=994  \\$aC0$bPUL
=999  \\$a2760150
=852  00$03070928$brcppa$hBP136.48$i.M3 1968$xtr fr nec
=959  \\$a2009-06-30 16:52:42 -0500

