=LDR  01239cam a2200361Ma 4500
=001  2760262
=003  NjP
=005  20170516151338.0
=008  910208s1968\\\\iq\\\\\\\b\\\\000\0\ara\d
=024  7\$aprinceton_aco001982$2local
=035  \\$a(OCoLC)ocn178288661
=035  \\$a(OCoLC)ocm23296821
=040  \\$aHVL$cPUL$dPUL
=035  \\$a(OCoLC)178288661
=035  \\$9CNF4674TS
=035  \\$a(NjP)2760262
=043  \\$aa-iq---
=079  \\$aocm23296821
=049  \\$aPULL
=100  1\$6880-01$aMuṣṭafá, Ḥāmid.
=245  10$6880-02$aMabādiʼ al-qānūn al-idārī al-ʻIrāqī /$cḤāmid Muṣtafá.
=260  \\$6880-03$aBaghdād :$bSharikat al-Ṭabʻ wa-al-Nashr al-Ahlīyah,$c1968.
=300  \\$a382 p. ;$c24 cm.
=504  \\$aIncludes bibliographical references.
=650  \0$aAdministrative law$zIraq.
=880  1\$6100-01/r$aمصطفى، حامد.
=880  10$6245-02/r$aمبادئ القانون الاداري العراقي /$cحامد مصتفى.
=880  \\$6260-03/r$aبغداد :$bشركة الطبع والنشر الاهلية،$c1968.
=911  \\$a20000130
=994  \\$aC0$bPUL
=999  \\$a2760262
=852  00$03071042$bnec$t1$hKMJ2720$i.M878 1968
=959  \\$a2009-07-01 08:51:10 -0400

