=LDR  01364cam a2200385 a 4500
=001  2762605
=003  NjP
=005  20190705144746.0
=008  890925s1966\\\\iq\\\\\\\b\\\\000\0\arard
=024  7\$aprinceton_aco004628$2local
=010  \\$ane 68002298 
=040  \\$aEYM$cPUL$dPUL
=035  \\$9CNF7548TS
=035  \\$a(NjP)2762605
=050  \4$aBP 80$b.H36 A3
=049  \\$aPULL
=035  \\$a(OCoLC)ocm23509075
=100  1\$6880-01$aShīrāzī, Ḥasan.
=245  10$6880-02$aKalimat al-Imām al-Ḥasan /$cḤasan al-Shīrāzī.
=250  \\$6880-03$a[al-Ṭabʻah 1]
=260  \\$6880-04$aKarbalāʼ :$bMuʼassasat al-Imām al-Ṣādiq,$c[1966]
=300  \\$a210 p. ;$c24 cm.
=504  \\$aIncludes bibliographical references.
=600  00$6880-05$aḤasan ibn ʻAlī,$dd. ca. 669.$0http://id.loc.gov/authorities/names/n84006350
=880  1\$6100-01/r$aشيرازي، حسن.
=880  10$6245-02/r$aكلمات الامام الحسن /$cحسن الشيرازي.
=880  \\$6250-03/r$a[الطبعة 1]
=880  \\$6260-04/r$aكربلاء :$bمؤسسة الامام الصادق،$c[1966]
=880  00$6600-05/r$aحسن بن علي،$dd. . 669.
=911  \\$a20000130
=994  \\$aC0$bPUL
=999  \\$a2762605
=979  \\$a(OCoLC)ocn178318634
=852  80$03073388$brcppa$t1$h2271.3246.H3.349
=959  \\$a2011-06-08 13:17:00 -0500

