=LDR  01840cam a2200385   4500
=001  2767287
=003  NjP
=005  20171010175157.0
=008  931007s1969\\\\iq\\\\\\\b\\\\000\0\arar\
=024  7\$aprinceton_aco002933$2local
=010  \\$a   76284725 
=035  \\$a(OCoLC)ocn178381247
=035  \\$a(OCoLC)ocm28956087
=035  \\$a(OCoLC)178381247
=035  \\$9CNG3348TS
=035  \\$a(NjP)2767287
=040  \\$aDLC$cPUL$dPUL
=049  \\$aPULL
=050  0\$aBP166$b.S28
=079  \\$aocm28956087
=100  1\$6880-01$aṢādiqī, Muḥammad.
=245  10$6880-02$aḤiwār bayna al-ilāhīyīn wa-al-māddīyīn :$bdurūs muqāranah min kāfat al-falsafāt al-qadīmah wa-al-ḥadīthah bi-ṣūrat al-tasāʼul wa-al-munāẓirah taḍummu al-ijābah ʻan jamīʻ al-asʼilah ḥawla wujūd Allāh wa-tawḥīdihi /$c[taʼlīf] Muḥammad al-Ṣādiqī.
=260  \\$6880-03$aal-Najaf :$bMaktabat al-Ṣidq,$c[1969?]
=300  \\$a462 p. ;$c25 cm.
=504  \\$aIncludes bibliographical references.
=650  \0$aIslam$vApologetic works.$0http://id.loc.gov/authorities/subjects/sh85068393
=650  \0$aMaterialism.$0http://id.loc.gov/authorities/subjects/sh85082063
=880  1\$6100-01/r$aصادقي، محمد.
=880  10$6245-02/r$aحوار بين الالاهيين والماديين :$bدروس مقارنة من كافة الفلسفات القديمة والحديثة بصورة التساؤل والمناظرة تضم الاجابة عن جميع الاسئلة حول وجود الله وتوحيده /$c[تأليف] محمد الصادقي.
=880  \\$6260-03/r$aالنجف :$bمكتبة الصدق،$c[1969؟]
=911  \\$a20000130
=994  \\$aC0$bPUL
=999  \\$a2767287
=852  00$03078105$brcppa$t1$hBP166$i.S28 1969$xtr fr nec
=959  \\$a2009-07-01 15:00:30 -0500

