=LDR  01268cam a22002895  4500
=001  2768058
=003  NjP
=005  20171013173317.0
=008  940228s1922\\\\ua\abc\\\\\\\\000\0dara\d
=024  7\$aprinceton_aco004421$2local
=035  \\$a(OCoLC)ocm29885624
=035  \\$9CNG4290TS
=040  \\$aCUY$cCUY$dPUL
=100  1\$aSaʻīd, Amīn.
=245  10$aSīrat Muṣṭafā Kamāl Bāshā wa-taʻrīkh al-ḥarakat al-Turkīyat al-waṭanīya fiʻl-Anāḍūl /$ctaʻlīf Amīn Muḥammad Saʻīd wa-Karīm Khalīl Thābit.
=246  14$aSīrat al-Ghāzī Mustafā Kamāl Bāshā
=260  \\$aMiṣr al-ḳāhira [Cairo] :$bal-Laṭāʻif al-muṣawwara,$c1922.
=300  \\$a66 p. :$bill., map., port.
=500  \\$aTranslation of title: The life of Mustafa Kemal Pasha and the history of the Turkish nationalist movement in Anatolia.
=500  \\$aIn Arabic.
=600  10$aAtatürk, Kemal,$d1881-1938.$0http://id.loc.gov/authorities/names/n80044800
=651  \0$aTurkey$xHistory$y1918-1960.$0http://id.loc.gov/authorities/subjects/sh85138835
=700  1\$aThābit, Karīm Khalīl.
=945  \\$aANXA$b1$c2070.129.897
=911  \\$a20000130
=852  80$01947107$brcppa$t0$h2070.129.897$xtr fr anxa
=959  \\$a2000-06-13 00:00:00 -0500

