=LDR  01179cam a2200289 a 4500
=001  2768485
=003  NjP
=005  20171013173423.0
=008  940609s1946\\\\sy\\\\\\\b\\\\000\0\ara\\
=024  7\$aprinceton_aco002401$2local
=010  \\$a   74235238 /NE 
=035  \\$a(OCoLC)ocm30577665
=035  \\$9CNG4808TS
=040  \\$aDLC$cCUY$dCUY$dPUL
=050  \\$aDS38.4.A2$bB38
=100  1\$aBayhaqī, Abū al-Ḥasan ʻAlī ibn Zayd,$d1106-1169 or 70.
=245  10$aTārīkh ḥukamaʾ al-Islām /$ctaʾlīf Ẓuhayr al-Dīn al-Bayhaqī ; ʻuniya bi-nashrihi wa-taḥqīqihi Muḥammad Kurd ʻAlī.
=260  \\$aDimashq :$bMaṭbuʻāt al-Majmaʻ al-ʻIlmī al-ʻArabī,$c1946.
=300  \\$a204 p. ;$c26 cm.
=440  \0$aMaṭbūʻāt al-Majmaʻ al-ʻIlmī al-ʻArabī bi-Dimashq
=504  \\$aBibliography: p. 12-13.
=651  \0$aIslamic Empire$vBiography.$0http://id.loc.gov/authorities/subjects/sh85068445
=700  2\$aKurd ʻAlī, Muḥammad,$d1876-1953.$0http://id.loc.gov/authorities/names/n82119734
=945  \\$aF$b1$c2267.1679.389 1946
=911  \\$a20000130
=852  00$03079313$bnec$t1$hDS38.4.A2$iB394 1946b
=959  \\$a2000-11-29 18:24:37 -0400

