=LDR  01066cam a2200301   4500
=001  2768766
=003  NjP
=005  20171013173510.0
=008  940909s1969\\\\iq\\\\\\\\\\\\000\0\arar\
=024  7\$aprinceton_aco002394$2local
=010  \\$a   73242976 /NE 
=035  \\$a(OCoLC)ocm31073493
=035  \\$9CNG5153TS
=040  \\$aDLC$cCUY$dCUY$dPUL
=043  \\$ama-----
=050  0\$aDS62.85 1969$b.J3
=100  1\$aJāsim, ʻAzīz al-Sayyid.
=245  13$aal-Thawrah al-ʻArabīyah wa-muhimmāt al-ʻamal al-taqaddumī,$c[taʾlīf] ʻAzīz al-Sayyid Jāsim.
=250  \\$a[al-Ṭabʻah 1.
=260  \\$aBaghdād,$bDār al-Adīb al-ʻIrāqī,$c1969]
=300  \\$a117 p.$c24 cm.
=500  \\$aCover title.
=651  \0$aArab countries$xPolitics and government.$0http://id.loc.gov/authorities/subjects/sh85006285
=650  \0$aCommunism$zArab countries.$0http://id.loc.gov/authorities/subjects/sh2009120905
=945  \\$aF$b1$c2271.50547 J31.389
=911  \\$a20000130
=852  00$03079595$bnec$t1$hDS62.85$i.J3 1969
=959  \\$a2009-06-30 13:57:29 -0400

