=LDR  01662cam a2200397 a 4500
=001  2769153
=003  NjP
=005  20171013173611.0
=008  950215q19701979ir\\\\\\\\\\\\000\0\arard
=024  7\$aprinceton_aco002928$2local
=035  \\$a(OCoLC)ocn178413606
=035  \\$a(OCoLC)ocm31996932
=035  \\$a(OCoLC)178413606
=035  \\$9CNG5644TS
=035  \\$a(NjP)2769153
=040  \\$aOSU$cPUL$dPUL
=049  \\$aPULL
=079  \\$aocm31996932
=100  1\$6880-01$aTustarī, Muḥammad Taqī.
=245  13$6880-02$aal-Akhbār al-dakhīlah /$ctaʼlīf Muḥammad Taqī al-Tustarī ; ʻuniya bi-jamʻihi wa-tartīb wa-tadwīnihi wa-al-taʻlīq ʻalayhi ʻAlī Akbar al-Ghaffārī.
=260  \\$6880-03$aTihrān :$bMaktabat al-Ṣadūq,$c[197-?]
=300  \\$a273 p.;$c25 cm.
=505  0\$6880-04$a[2]. Mustadrak al-Akhbār al-dakhīlah --
=590  \\$aIn Arabic.
=650  \0$aHadith$xForgeries.$0http://id.loc.gov/authorities/subjects/sh85058197
=700  1\$6880-05$aGhaffārī, ʻAlī Akbar.
=880  1\$6100-01/r$aتستري، محمد تقي.
=880  12$6245-02/r$aالاخبار الدخيلة /$cتأليف محمد تقي التستري ؛ عني بجمعه وترتيب وتدوينه والتعليق عليه علي اكبر الغفاري.
=880  \\$6260-03/r$aطهران :$bمكتبة الصدوق،$c[197-؟]
=880  0\$6505-04/r$a[2]. مستدرك الاخبار الدخيلة
=880  1\$6700-05/r$aغفاري، علي اكبر.
=911  \\$a20000130
=994  \\$aC0$bPUL
=999  \\$a2769153
=852  00$03079988$brcppa$hBP136.74$i.T878 1970z$xtr fr nec
=959  \\$a2009-06-30 09:50:40 -0500

