=LDR  01429cam a22003975  4500
=001  2770700
=003  NjP
=005  20171013174026.0
=008  960513s1963\\\\sy\\\\\\\\\\\\000\0\ara\d
=024  7\$aprinceton_aco002019$2local
=035  \\$a(OCoLC)ocn178439350
=035  \\$a(OCoLC)ocm34711893
=035  \\$a(OCoLC)178439350
=035  \\$9CNG7475TS
=035  \\$a(NjP)2770700
=040  \\$aLOA$cPUL$dPUL
=049  \\$aPULL
=066  \\$c(3
=079  \\$aocm34711893
=100  1\$6880-01$aḤāmid, Muḥammad,$d1910-1969.$0http://id.loc.gov/authorities/names/n85026568
=245  10$6880-02$a[Naẓarāt fi kitāb Ishtirākīyat al-islām.
=260  \\$6880-03$aDimashq:$bMaṭbaʻat al-ʻIlm,$c1963]
=300  \\$a183 p.
=546  \\$aArabic text.
=500  \\$aA critique of Muṣṭafā al-Sibāʻī's book on islamic socialism.
=700  1\$6880-04$aSibāʻī, Muṣṭafá,$d1915-1964.$0http://id.loc.gov/authorities/names/n82027795
=880  1\$6100-01/(3/r$aحامد، محمد،$d1910-1969.
=880  10$6245-02/(3/r$a[نظرات ف كتاب اشتراكية الاسلام.
=880  \\$6260-03/(3/r$aدمشق:$bمطبعة العلم،$c1963]
=880  1\$6700-04/(3/r$aسباعي، مصطفى،$d1915-1964.
=911  \\$a20000130
=912  \\$a20000211053000.0
=994  \\$aC0$bPUL
=999  \\$a2770700
=852  00$03081547$bnec$t1$hHX380.5$i.H365 1963
=959  \\$a2009-07-02 12:08:28 -0400

