=LDR  01933cam a2200421Ma 4500
=001  2772262
=003  NjP
=005  20190705144847.0
=008  970807s1862\\\\ua\\\\\\\\\\\\000\0\arard
=024  7\$aprinceton_aco004176$2local
=035  \\$9CNG9351TS
=035  \\$a(NjP)2772262
=040  \\$aRBN$cPUL$dPUL
=049  \\$aPULL
=050  14$aBP186$b.I29x 1862
=035  \\$a(OCoLC)ocm37962920
=100  1\$6880-01$aʻIdwī, Ḥasan,$d1806 or 1807-1885 or 1886.$0http://id.loc.gov/authorities/names/nr91025957
=240  10$6880-02$aNafaḥāt al-Nabawīyah fī al-faḍāʼil al-ʻĀshūrīyah.
=245  10$6880-03$aHādhā kitāb al-Nafaḥāt al-Nabawīyah fī al-faḍāʼil al-ʻĀshūrīyah /$cli-Ḥasan al-ʻIdwī al-Ḥamzāwī.
=246  10$6880-04$aKitāb al-Nafaḥāt al-Nabawīyah fī al-faḍāʼil al-ʻĀshūrīyah.
=250  \\$6880-05$a[al-Ṭabʻah 3]
=260  \\$6880-06$a[Cairo :$bMaṭbaʻat Miṣr,$c1278] [1862]
=300  \\$a104 p. ;$c23 cm.
=650  \0$aFasts and feasts$xIslam.$0http://id.loc.gov/authorities/subjects/sh85047419
=650  \0$aHadith.
=650  \0$aTenth of Muḥarram.$0http://id.loc.gov/authorities/subjects/sh85133947
=880  1\$6100-01/r$aعدوي، حسن،$d1806 or 1807-1885 or 1886.
=880  10$6240-02/r$aنفحات النبوية في الفضائل العاشورية.
=880  10$6245-03/r$aهذا كتاب النفحات النبوية في الفضائل العاشورية /$cلحسن العدوي الحمزاوي.
=880  10$6246-04/r$aكتاب النفحات النبوية في الفضائل العاشورية.
=880  \\$6250-05/r$a[الطبعة 3]
=880  \\$6260-06/r$a[Cairo :$bمطبعة مصر،$c1278] [1862]
=911  \\$a20000130
=994  \\$aC0$bPUL
=999  \\$a2772262
=979  \\$a(OCoLC)ocn178466790
=852  80$03083111$brcppa$t1$h2264.113198.741$xtr fr f
=959  \\$a2000-06-13 00:00:00 -0500

