=LDR  01368cam a22003855a 4500
=001  2773361
=003  NjP
=005  20100810152137.0
=008  980419s1958\\\\iq\a\\\\\b\\\\000\0\ara\\
=024  7\$aprinceton_aco002152$2local
=010  \\$a   90965308 
=035  \\$a(OCoLC)ocn178486817
=035  \\$a(OCoLC)ocm40125919
=035  \\$a(OCoLC)178486817
=035  \\$9CNH0652TS
=035  \\$a(NjP)2773361
=040  \\$aDLC$cPUL$dPUL
=042  \\$alcode
=049  \\$aPULL
=079  \\$aocm40125919
=100  1\$6880-01$aDurūbī, Ibrāhīm.
=245  13$6880-02$aal-Baghdādīyūn, akhbāruhum wa-majālisuhum /$cbi-qalam Ibrāhīm al-Durūbī.
=260  \\$6880-03$a[Baghdad :$bs.n.],$c1958$e(Baghdād :$fMaṭbaʻat al-Rābiṭah)
=300  \\$a3, 416 p. :$bill. ;$c24 cm.
=504  \\$aIncludes bibliographical references (p. 411-412).
=520  \\$aBaghdad; Sociological aspects; History.
=500  \\$aIn Arabic.
=880  1\$6100-01/r$aدروبي، ابراهيم.
=880  12$6245-02/r$aالبغداديون، اخبارهم ومجالسهم /$cبقلم ابراهيم الدروبي.
=880  \\$6260-03/r$a[بغداد :$bs.n.]،$c1958$e(بغداد :$fمطبعة الرابطه)
=911  \\$a20000130
=994  \\$aC0$bPUL
=999  \\$a2773361
=852  00$03084216$bnec$hDS79.9.B25$iD87 1958
=959  \\$a2000-06-13 00:00:00 -0400

