=LDR  00972cam a22002655  4500
=001  2773446
=003  NjP
=005  20171013174634.0
=008  981105s1952\\\\iq\\\\\\\\\\\\000\0\ara\d
=024  7\$aprinceton_aco004419$2local
=035  \\$a(OCoLC)ocm40236864
=035  \\$9CNH0750TS
=040  \\$aEUX$cEUX$dPUL
=041  1\$aara$hfre
=100  2\$aGaudefroy-Demombynes, Maurice,$d1862-1957.$0http://id.loc.gov/authorities/names/n84005013
=240  10$aInstitutions musulmanes.$lArabic
=245  13$aal-Nuẓum al-islāmīyah /$ctranslated from the French by Ṣāleḥ al-Shamāʻ and Fayṣal al-Sāmir.
=260  \\$aBaghdād :$bMaṭbaʻat al-Zahrāʾ,$c1952.
=300  \\$a294 p.
=500  \\$aHis Les institutions musulmanes, translated.
=650  \0$aIslam.$0http://id.loc.gov/authorities/subjects/sh85068390
=945  \\$aF$b1$c1798.381.22.1952
=911  \\$a20000130
=852  80$03084301$brcppa$t1$h1798.381.22.1952$xtr fr f
=959  \\$a2006-04-13 15:30:37 -0500

