=LDR  01631cam a22003975  4500
=001  2775754
=003  NjP
=005  20171013175039.0
=008  991005m19331934le\\\\\\\\\\\\000\0\ara\d
=024  7\$aprinceton_aco002764$2local
=035  \\$a(OCoLC)ocn178526282
=035  \\$a(OCoLC)ocm42547401
=040  \\$aPUL$cPUL$dPUL
=066  \\$c(3
=035  \\$a(OCoLC)178526282
=035  \\$9CNH3384TS
=035  \\$a(NjP)2775754
=079  \\$aocm42547401
=090  \\$aKMU1.9$b1933
=049  \\$aPULL
=110  1\$aSyria.$0http://id.loc.gov/authorities/names/n80061798
=240  10$aLaws, etc.
=245  00$6880-01$aMajmūʻat muqarrarāt ḥukūmat Sūriyā;$bwahiya tashtamilu ʻalá al-qawānīn wa-al-marāsīm wa-al-qarārāt allatī ṣadarat fī Sūriyā mundhu ihtilāl ākhir Aylūl sanat 1918 ilá yawminā hādhā.
=246  05$aRecueil des lois, decrets et arrêtés de l'etat de Syrie ...
=260  \\$6880-02$a[Beirut] :$bMaṭbʻat Ṣādir,$c1933 or 4.
=300  \\$a8 v. in 4.$c24 cm.
=546  \\$aIn Arabic.
=880  00$6245-01/(3/r$aمجموعة مقررات حكومة سوريا؛$bوهي تشتمل على القوانين والمراسيم والقرارات التي صدرة في سوريا منذ اهتلال آخر ايلول سنة 1918 الى يومنا هذه.
=880  \\$6260-02/(3/r$a[بيروت] :$bمطبعة صادر،$c1933 or 4.
=911  \\$a20000130
=994  \\$aC0$bPUL
=999  \\$a2775754
=902  \\$ajab$br$6a$7m$dv$f0$e20100618
=852  01$03086616$bnec$hKMU1.9$i1933
=866  \0$03086616$80$aVol. 1-v. 8
=959  \\$a2008-11-14 10:49:53 -0500

