=LDR  01487cam a22003855  4500
=001  2785202
=003  NjP
=005  20171013180635.0
=008  991110s1879\\\\ir\\\\\\\\\\\\000\0\ara\d
=024  7\$aprinceton_aco002095$2local
=035  \\$a(OCoLC)ocn178656071
=035  \\$a(OCoLC)ocm42804765
=035  \\$a(OCoLC)178656071
=035  \\$9CNJ3883TS
=035  \\$a(NjP)2785202
=040  \\$aPUL$cPUL$dPUL
=041  1\$aara$hper
=049  \\$aPULL
=079  \\$aocm42804765
=100  1\$6880-01$aIbn Bābawayh al-Qummī, Muḥammad ibn ʻAlī,$d918 or 919-991 or 992.$0http://id.loc.gov/authorities/names/nr90021741
=245  10$6880-02$aʻIlal al-aḥkām.
=260  \\$a[Tehran,$c1297 [1879]]
=300  \\$a1 v. (unpaged)$c34 cm.
=500  \\$aPersian translation of ʻIlal al-sharāʼiʻ, by Muḥammad Taqī ibn Muḥammad Bāqir al-Iṣfahānī.
=700  1\$6880-03$aIṣfahānī, Muḥammad Taqī ibn Muḥammad Bāqir,$d1846-1914.
=880  1\$6100-01/r$aابن بابويه القمي، محمد بن علي،$d918 or 919-991 or 992.
=880  10$6245-02/r$aعلل الاحكام.
=880  1\$6700-03/r$aاصفهاني، محمد تقي بن محمد باقر،$d1846-1914.
=856  4\$uhttp://hdl.handle.net/2027/njp.32101073233718
=911  \\$a20000130
=994  \\$aC0$bPUL
=999  \\$a2785202
=852  00$03096157$bnec$t1$cOversize$hBP193.25$i.I263124 1879q
=852  8\$08749832$belf1$hElectronic Resource
=959  \\$a2000-06-08 00:00:00 -0400

