=LDR  00855cam a22002415  4500
=001  2785540
=003  NjP
=005  20010104152809.0
=008  991111s1935\\\\ti\\\\\\\\\\\\000\0\ara\d
=024  7\$aprinceton_aco004572$2local
=035  \\$a(OCoLC)ocm42811513
=035  \\$9CNJ4275TS
=040  \\$aPUL$cPUL
=100  1\$aMārghanī, Ibrāhīm ibn Aḥmad,$dd.1930 or 31.
=245  13$aal-Nujūm al-ṭawāliʻ ʻalā al-Durar al-lawāmiʻ.
=260  \\$a[Tunis,$bal-Maṭbaʻah al-Tūnisīya$c1935]
=300  \\$a240 p.$c25 cm.
=546  \\$aIn Arabic.
=500  \\$aOn the margins: al-Qawl al-ajlā fī kawn al-basmalah, by al-Marghanī and three short treatises by Muḥammad ibn ʻAl ibn Yālushah.
=945  \\$aF$b1$c2271.4157.838
=911  \\$a20000130
=852  80$03096496$brcppa$t1$h2271.4157.838$xtr fr f
=959  \\$a2009-06-30 11:44:37 -0500

