=LDR  01010cam a22003495  4500
=001  2785568
=003  NjP
=005  20171013180722.0
=008  991111s194u\\\\ua\a\\\\\\\\\\000\0\ara\d
=024  7\$aprinceton_aco002568$2local
=035  \\$a(OCoLC)ocn178661290
=035  \\$a(OCoLC)ocm42811729
=040  \\$aPUL$cPUL$dPUL
=035  \\$a(OCoLC)178661290
=035  \\$9CNJ4311TS
=035  \\$a( NjP)2785568
=069  \\$aARABIC SCRIPT PROJECT -- RUN MACRO 2
=079  \\$aocm42811729
=049  \\$aPULL
=100  1\$6880-01$aḤusayn, ʻAbbās al-Sayyid.
=245  03$6880-02$aal-Naḥl.
=260  \\$a[Cairo,$c194*?]
=300  \\$a246 p.$billus.$c24 cm.
=500  \\$aIn Arabic.
=650  \0$aBee culture.$0http://id.loc.gov/authorities/subjects/sh85012792
=880  1\$6100-01/r$aحسين، عباس السيد.
=880  02$6245-02/r$aالنحل.
=911  \\$a20000130
=994  \\$aC0$bPUL
=999  \\$a2785568
=852  00$03096524$bnec$t1$hSF523$i.H873 1940z
=959  \\$a2009-06-30 11:08:43 -0500

