=LDR  01262cam a22003375  4500
=001  2785571
=003  NjP
=005  20190705144859.0
=008  991111s1955\\\\ua\ab\\\\\\\\\000\0\ara\d
=024  7\$aprinceton_aco004186$2local
=040  \\$aPUL$cPUL$dPUL
=035  \\$9CNJ4314TS
=035  \\$a(NjP)2785571
=041  1\$aara$heng
=049  \\$aPULL
=035  \\$a(OCoLC)ocm42811749
=100  1\$aTwitchell, K. S.$q(Karl Saben),$d1885-1968.$0http://id.loc.gov/authorities/names/no97016990
=245  03$6880-01$aal-Mamlakah al-ʻarabīyah al-Suʻūdīyah wa-taṭawwurāt maṣādirihā al-ṭabīʻīyah ...
=260  \\$6880-02$aCairo,$bal-Ḥalabī,$c1955.
=300  \\$a316 p.$billus., maps.$c24 cm.
=500  \\$aHis Saudi Arabia, tr. into Arabic by Shakīb al-Umawī.
=700  1\$6880-03$aUmawī, Shakīb,$etr.
=880  02$6245-01/r$aالمملكة العربية السعودية وتطورات مصادرها الطبيعية ...
=880  \\$6260-02/r$aالقاهرة،$bالحلبي،$c1955.
=880  1\$6700-03/r$aاموي، شكيب،$etr.
=911  \\$a20000130
=994  \\$aC0$bPUL
=999  \\$a2785571
=979  \\$a(OCoLC)ocn178661324
=852  80$03096527$brcppa$t1$h1797.917.13$xtr fr f
=959  \\$a2006-04-14 11:01:53 -0500

