=LDR  01142cam a22003255  4500
=001  2785608
=003  NjP
=005  20190705144859.0
=008  991111s1876\\\\ua\\\\\\\\\\\\000\0\ara\d
=024  7\$aprinceton_aco004635$2local
=035  \\$9CNJ4367TS
=035  \\$a(NjP)2785608
=040  \\$aPUL$cPUL$dPUL
=049  \\$aPULL
=035  \\$a(OCoLC)ocm42812098
=100  1\$6880-01$aIbn Ḥajar al-Haythamī, Aḥmad ibn Muḥammad,$dapproximately 1503-approximately 1566$0http://id.loc.gov/authorities/names/n82165741
=245  13$6880-02$aal-Iʻlām bi-qawātiʻ al-islām ...
=260  \\$a[Cairo,$c1293 [1876]]
=300  \\$a160 p.$c21 cm.
=546  \\$aIn Arabic.
=880  1\$6100-01/r$aابن حجر الهيثمي، احمد بن محمد،$d. 1503-. 1566.
=880  12$6245-02/r$aالاعلام بقواتع الاسلام ...
=856  4\$uhttp://hdl.handle.net/2027/njp.32101077782058
=911  \\$a20000130
=994  \\$aC0$bPUL
=999  \\$a2785608
=979  \\$a(OCoLC)ocn178661832
=852  80$03096564$brcppa$t1$h2271.442.349$xtr fr f
=852  8\$08749901$belf1$hElectronic Resource
=959  \\$a2000-06-08 00:00:00 -0500

