=LDR  01470cam a22003975  4500
=001  2786018
=003  NjP
=005  20190705144901.0
=008  991112s1884\\\\ua\\\\\\\\\\\\000\0\ara\d
=024  7\$aprinceton_aco004562$2local
=040  \\$aPUL$cPUL$dPUL
=035  \\$9CNJ4801TS
=035  \\$a(NjP)2786018
=049  \\$aPULL
=035  \\$a(OCoLC)ocm42819177
=100  1\$6880-01$aIbn ʻAbd Rabbihi, Shihāb al-Dīn Aḥmad al-Andalusi.
=245  13$6880-02$aal-Iqd al-Farīd ...
=260  \\$6880-03$aAl-Qāhirah,$bʻUthmān ʻAbdal-Razzāq,$c1884.
=300  \\$a3 v.$c24 cm.
=546  \\$aTitle page and text in Arabic.
=500  \\$aZahr-al-Adāb wa-Thamar-al-Albāb, by Abu Isḥāq Ibrāhīm ibn ʻAlī al-Ḥuṣri, contained in margins.
=590  \\$aPhotocopy.
=700  1\$6880-04$aHusrī, Ibrāhīm ibn ʻAlī,$dd.1022?
=880  1\$6100-01/r$aابن عبد ربه، شهاب الدين احمد الاندلس.
=880  12$6245-02/r$aالاقد الفريد ...
=880  \\$6260-03/r$aالقاهرة،$bعثمان عبدلرزاق،$c1884.
=880  1\$6700-04/r$aهسري، ابراهيم بن علي،$dد.1022؟
=911  \\$a20000130
=994  \\$aC0$bPUL
=999  \\$a2786018
=979  \\$a(OCoLC)ocn178667426
=852  81$03096974$brcppa$t1$h2271.405.349$xtr fr f
=866  \0$03096974$80$av.1-3
=852  8\$03536525$brcppf$hMICROFILM 02593$xtr fr flm
=866  \0$03536525$av. 1-3
=959  \\$a2000-06-13 00:00:00 -0500

