=LDR  00903cam a22002895  4500
=001  2786226
=003  NjP
=005  20150109130424.0
=008  991113s1894\\\\le\\\\\\\d\\\\000\0\ara\d
=024  7\$aprinceton_aco004167$2local
=035  \\$a(OCoLC)ocm42823394
=035  \\$9CNJ5010TS
=040  \\$aPUL$cPUL
=041  0\$aarapertur
=100  1\$aKhūrī, Amīn.
=245  10$aRafīq al-ʻuthmānī ...
=260  \\$aBeirut$c[1894]
=300  \\$a336 p.$c22 cm.
=500  \\$aA dictionary giving Arabic equivalents of Turkish and Persian words.
=650  \0$aTurkish language$vDictionaries$xArabic.
=650  \0$aPersian language$vDictionaries$xArabic.
=856  4\$uhttp://hdl.handle.net/2027/njp.32101077784153
=945  \\$aF$b1$c2068.523
=911  \\$a20000130
=852  80$02017428$brcppa$t0$h2068.523$xtr fr sy
=852  8\$08750034$belf1$hElectronic Resource
=959  \\$a2000-06-08 00:00:00 -0500

