=LDR  00946cam a22002415  4500
=001  2786303
=003  NjP
=005  20040618090912.0
=008  991114s1932\\\\le\\\\\\\\\\\\000\0\ara\d
=024  7\$aprinceton_aco004223$2local
=035  \\$a(OCoLC)ocm42823476
=035  \\$9CNJ5087TS
=040  \\$aPUL$cPUL
=041  1\$aara$hengtur
=245  03$aal-Thawrah al-Turkīyah min daur al-salṭanah ilā ʻahd al-jumhūrīyah [ʻarrabahu] ʻan al-Turkīyah Muḥyī al-Dīn Maydānī [wa] ʻan al-Inkilīzīyah Kāmil Ṣamūʾīl Masīḥah.
=260  \\$a[Beirut,$c1932]
=300  \\$a87 p.$c22 cm.
=500  \\$aTr. from Turkish into Arabic by Muḥyī al-Dīn Maydānī and from English into Arabic by Kāmil Samūʾīl Masīḥah.
=500  \\$aPublished in al-Nidāʾ during 1932.
=945  \\$aF$b1$c2070.129.946
=911  \\$a20000130
=852  80$01946409$brcppa$t0$h2070.129.946$xtr fr anxa
=959  \\$a2000-06-13 00:00:00 -0500

