=LDR  01166cam a22003615  4500
=001  2786421
=003  NjP
=005  20190710123714.0
=008  991115s1948\\\\ua\c\\\\\\\\\\000\0\ara\d
=024  7\$aprinceton_aco004196$2local
=035  \\$a2786421
=040  \\$aPUL$cPUL$dPUL
=035  \\$9CNJ5206TS
=035  \\$a(NjP)2786421
=041  1\$aara$htur
=049  \\$aPULL
=019  \\$a42824642
=035  \\$a(OCoLC)ocn234387174$z(OCoLC)ocm42824642
=100  0\$aAhmet İzzet Paşa,$d1864-1937.$0http://id.loc.gov/authorities/names/n94100337
=245  03$6880-01$aal-Dīn wa-al-ʻilm.
=260  \\$6880-02$aCairo,$bLajnat al-taʼlīf,$c1948.
=300  \\$a270 p.$bport.$c24 cm.
=546  \\$aIn Arabic.
=500  \\$aTranslated from the Turkish by Ṭāhir Ḥamzah. Revised by ʻAbd al-Wahhāb ʻAzzām.
=880  02$6245-01/r$aالدين والعلم.
=880  \\$6260-02/r$aCairo،$bلجنة التأليف،$c1948.
=911  \\$a20000130
=994  \\$aC0$bPUL
=999  \\$a2786421
=979  \\$a(OCoLC)ocn178672663
=979  \\$a(OCoLC)ocm42824642
=852  80$03097380$brcppa$t1$h2070.1161.331.7$xtr fr anxa
=959  \\$a2000-06-13 00:00:00 -0500

