=LDR  01081cam a22003135  4500
=001  2786896
=003  NjP
=005  20190705144904.0
=008  991116q19331934ua\\\\\\\\\\\\000\0\ara\d
=024  7\$aprinceton_aco004021$2local
=040  \\$aPUL$cPUL$dPUL
=035  \\$9CNJ5877TS
=035  \\$a(NjP)2786896
=049  \\$aPULL
=035  \\$a(OCoLC)ocm42838848
=100  1\$6880-01$aIbn Taymīyah, Aḥmad ibn ʻAbd al-Ḥalīm,$d1263-1328.$0http://id.loc.gov/authorities/names/n79077267
=245  03$6880-02$aal-Kalim al-ṭayyib ...
=260  \\$6880-03$a[Cairo]$bal-Munīrīyah,$c1352 [1933 or 4]
=300  \\$a88 p.$c19 cm.
=546  \\$aIn Arabic.
=880  1\$6100-01/r$aابن تيمية، احمد بن عبد الحليم،$d1263-1328.
=880  02$6245-02/r$aالكلم الطيب ...
=880  \\$6260-03/r$a[القاهرة]$bالمنيرية،$c1352 [1933 or 4]
=911  \\$a20000130
=994  \\$aC0$bPUL
=999  \\$a2786896
=979  \\$a(OCoLC)ocn178678981
=852  00$03097858$brcppa$t1$hBP135.8.P66$iI268 1933$xtr fr nec
=959  \\$a2009-06-30 12:05:30 -0400

