=LDR  00797cam a22002415i 4500
=001  2787362
=003  NjP
=005  20171013180957.0
=008  991118s1973\\\\ir\\\\\\\\\\\\000\0\ara\d
=024  7\$aprinceton_aco003186$2local
=035  \\$a(OCoLC)ocm42847251
=035  \\$9CNJ6361TS
=040  \\$aPUL$cPUL
=100  1\$aMarʻashī, Ismāʻīl ibn Aḥmad al-Ḥusaynī.
=245  10$aʻUnwān al-ṭāʻah fī iqāmat al-jumʻah wa-al-jamāʻah.
=260  \\$a[Ahwāz? :$bs.n.,$c1973?]
=300  \\$a164 p. ;$c25 cm.
=500  \\$aReproduced from ms. copy.
=650  \0$aPrayer$xIslam.$0http://id.loc.gov/authorities/subjects/sh85106123
=945  \\$aF$b1$c2272.621822.392
=911  \\$a20000130
=852  00$03098325$brcppa$t1$hBP184.3$i.M373 1973$xtr fr nec
=959  \\$a2009-06-30 16:12:03 -0400

