=LDR  01038cam a22003495  4500
=001  2787383
=003  NjP
=005  20171013180959.0
=008  991118m193u9999iq\a\\\\\\\\\\000\0\ara\d
=024  7\$aprinceton_aco002173$2local
=035  \\$a(OCoLC)ocn178685447
=035  \\$a(OCoLC)ocm42847312
=040  \\$aPUL$cPUL$dPUL
=035  \\$a(OCoLC)178685447
=035  \\$9CNJ6382TS
=035  \\$a(NjP)2787383
=079  \\$aocm42847312
=049  \\$aPULL
=100  1\$6880-01$aĀl Wahhāb, ʻAbd al-Razzāq.
=245  00$6880-02$aKarbalā fī al-tārīkh.
=260  \\$aBagdad,$c193-?-
=300  \\$av.$billus.$c24 cm.
=546  \\$aIn Arabic.
=651  \0$aKarbalāʼ (Iraq).$0http://id.loc.gov/authorities/names/n85093311
=880  1\$6100-01/r$aآل وهاب، عبد الرزاق.
=880  00$6245-02/r$aكربلا في التاريخ.
=911  \\$a20000130
=994  \\$aC0$bPUL
=999  \\$a2787383
=852  01$03098346$bnec$t1$hDS79.9.K37$iA493 1930z
=866  \0$03098346$80$av.3
=959  \\$a2009-07-07 09:37:07 -0400

