=LDR  01102cam a22003255  4500
=001  2787444
=003  NjP
=005  20190705144911.0
=008  991118m19399999ua\\\\\\\\\\\\000\0\ara\d
=024  7\$aprinceton_aco004133$2local
=040  \\$aPUL$cPUL$dPUL
=035  \\$9CNJ6443TS
=035  \\$a(NjP)2787444
=049  \\$aPULL
=035  \\$a(OCoLC)ocm42847471
=110  2\$6880-01$aJāmiʻat al-Qāhirah.$bKullīyat al-Handasah.$0http://id.loc.gov/authorities/names/n85021674
=245  00$6880-02$aMuḥāḍarāt Ibn al-Haytham al-tidhkārīyah ...
=260  \\$aCairo,$c1939-
=300  \\$apt. in v.
=546  \\$aIn Arabic.
=600  00$aAlhazen,$d965-1039.$0http://id.loc.gov/authorities/names/n81027793
=880  2\$6110-01/r$aجامعة القاهرة.$bكلية الهندسة.
=880  00$6245-02/r$aمحاضرات ابن الهيثم التذكارية ...
=911  \\$a20000130
=994  \\$aC0$bPUL
=999  \\$a2787444
=979  \\$a(OCoLC)ocn178686265
=852  81$03098407$brcppa$t1$h2264.103.613$xtr fr f
=866  \0$03098407$80$apt.1, 8
=959  \\$a2010-12-20 11:14:20 -0500

