=LDR  01098cam a22003255  4500
=001  2787860
=003  NjP
=005  20190705144919.0
=008  991120q18971898tu\\\\\\\\\\\\000\0\ara\d
=024  7\$aprinceton_aco004420$2local
=035  \\$9CNJ6889TS
=035  \\$a(NjP)2787860
=040  \\$aPUL$cPUL$dPUL
=049  \\$aPULL
=035  \\$a(OCoLC)ocm42862574
=100  1\$6880-01$aḤalabī, Ibrāhīm ibn Muḥammad,$d-1549 or 1550.$0http://id.loc.gov/authorities/names/nr90022774
=245  00$6880-02$aMultaqā al-abḥur.
=260  \\$a[Istanbul]$bOsmanlĭ Kütüphanesi,$c1323 [1897 or 8]
=300  \\$a172 p.$c24 cm.
=546  \\$aIn Arabic.
=880  1\$6100-01/r$aحلبي، ابراهيم بن محمد،$dd. 1549 or 50.
=880  00$6245-02/r$aملتقا الابحر.
=856  4\$uhttp://hdl.handle.net/2027/njp.32101063974156
=911  \\$a20000130
=994  \\$aC0$bPUL
=999  \\$a2787860
=979  \\$a(OCoLC)ocn178692105
=852  80$03098824$brcppa$t1$h2271.26.366.1897.2$xtr fr anxa
=852  8\$08750360$belf1$hElectronic Resource
=959  \\$a2000-06-08 00:00:00 -0500

