=LDR  00745cam a22002415  4500
=001  2787918
=003  NjP
=005  20171013181046.0
=008  991120s1958\\\\sy\\\\\\\\\\\\000\0\ara\d
=024  7\$aprinceton_aco002378$2local
=035  \\$a(OCoLC)ocm42862657
=035  \\$9CNJ6947TS
=040  \\$aPUL$cPUL
=100  1\$aKaḥḥālah, ʻUmar Riḍā.
=245  04$aal-ʻĀlam al-ʻarabī ...
=260  \\$aDamascus,$bal-Maṭbaʻah al-Hāshimīyah,$c1958.
=300  \\$a2 v. in 1.$c26 cm.
=546  \\$aIn Arabic.
=651  \0$aIslamic Empire$xHistory.$0http://id.loc.gov/authorities/subjects/sh85068446
=945  \\$aF$b1$c2271.5081.311
=911  \\$a20000130
=852  00$03098882$bnec$t1$hDS35.63$i.K344 1958
=959  \\$a2009-06-30 14:17:32 -0400

