=LDR  01286cam a22003735  4500
=001  2787955
=003  NjP
=005  20171013181050.0
=008  991120s1950\\\\iq\\\\\\\\\\\\000\0\ara\d
=024  7\$aprinceton_aco003273$2local
=035  \\$a(OCoLC)ocn178693438
=035  \\$a(OCoLC)ocm42862748
=040  \\$aPUL$cPUL$dPUL
=035  \\$a(OCoLC)178693438
=035  \\$9CNJ6984TS
=035  \\$a(NjP)2787955
=079  \\$aocm42862748
=049  \\$aPULL
=100  1\$6880-01$aHāshimī, Muḥammad Yaḥyá,$d1903-$0http://id.loc.gov/authorities/names/n88226589
=245  03$6880-02$aal-Imām al-Ṣādiq mulham al-kīmyāʼ.
=260  \\$6880-03$aBaghdād,$c1950.
=300  \\$a179 p.$c17 cm.
=546  \\$aIn Arabic.
=650  \0$aAlchemy.$0http://id.loc.gov/authorities/subjects/sh85003265
=600  00$6880-04$aJaʻfar al-Ṣādiq,$d700 (ca.)-765.
=880  1\$6100-01/r$aهاشمي، محمد يحيى،$d1903-
=880  02$6245-02/r$aالامام الصادق ملهم الكيمياء.
=880  \\$6260-03/r$aبغداد،$c1950.
=880  00$6600-04/r$aجعفر الصادق،$d700 (ca.)765.
=911  \\$a20000130
=994  \\$aC0$bPUL
=999  \\$a2787955
=852  00$03098919$brcppa$t1$hBP193.16.A3$iH374 1950$xtr fr nec
=959  \\$a2009-06-30 10:38:20 -0400

