=LDR  01037cam a22002775  4500
=001  2788150
=003  NjP
=005  20190710152751.0
=008  991121s1961\\\\ir\a\\\\\\\\\\000\0\ara\d
=024  7\$aprinceton_aco004591$2local
=035  \\$9CNJ7187TS
=040  \\$aPUL$cPUL
=041  0\$aaraper
=019  \\$a42866593$a976633120
=035  \\$a(OCoLC)ocm23496651$z(OCoLC)ocm42866593$z(OCoLC)ocn976633120
=100  1\$aKulaynī, Muḥammad ibn Yaʻqūb,$d-941?$0http://id.loc.gov/authorities/names/n80158377
=245  03$aal-Rawḍah min al-Kāfī ...$b[maʻa al-sharḥ wa-al-tarjamah] bi-qalam Muḥammad Bāqir al-Kamaraʾī.
=260  \\$aTehran,$bMaktabah al-Islāmīyah,$c1381 [1961/2]
=300  \\$a2 v.$billus.$c25 cm.
=546  \\$aIn Arabic and Persian.
=700  1\$aKamaraʾī, Muḥammad Bāqir ibn Aḥmad,$d1905 or 6-
=945  \\$aF$b1$c2271.518.351.1961.2$ev.1-2
=911  \\$a20000130
=852  81$03099114$brcppa$t1$h2271.518.351.1961.2$xtr fr f
=866  \0$03099114$80$av.1-2
=959  \\$a2003-03-20 15:19:08 -0500

