=LDR  01331cam a22003375  4500
=001  2788210
=003  NjP
=005  20190705144928.0
=008  991121m19531959ir\\\\\\\\\\\\000\0\ara\d
=024  7\$aprinceton_aco004601$2local
=040  \\$aPUL$cPUL$dPUL
=035  \\$9CNJ7247TS
=035  \\$a(NjP)2788210
=049  \\$aPULL
=035  \\$a(OCoLC)ocm42866780
=100  1\$6880-01$aMuẓaffar, Muḥammad Ḥasan,$d1883-1955.$0http://id.loc.gov/authorities/names/n87933454
=245  00$6880-02$aDalāʼil al-ṣidq fī al-jawāb ʻan Ibṭāl al-bāṭil alladhī waḍaʻahu al-Faḍl ibn Rūzbihān lil-radd ʻalā Nahj al-ḥaqq ...
=260  \\$6880-03$a[Tehran,$c1372-89 [i.e. 1379] 1953-59]]
=300  \\$a3 v.$c25 cm.
=546  \\$aIn Arabic.
=500  \\$aImprint varies.
=880  1\$6100-01/r$aمظفر، محمد حسن،$d1883-1955.
=880  00$6245-02/r$aدلائل الصدق في الجواب عن ابطال الباطل الذي وضعه الفضل بن روزبهان للرد علا نهج الحق ...
=880  \\$6260-03/r$a[طهران،$c1372-89 [i.e. 1379] 1953-59]]
=911  \\$a20000130
=994  \\$aC0$bPUL
=999  \\$a2788210
=979  \\$a(OCoLC)ocn178696799
=852  81$03099174$brcppa$t1$h2272.69558.328$xtr fr f
=866  \0$03099174$80$av.1-3
=959  \\$a2003-03-21 11:25:16 -0500

