=LDR  00870cam a22002295  4500
=001  2788256
=003  NjP
=005  20171013181119.0
=008  991122s1967\\\\ir\\\\\\\\\\\\000\0\ara\d
=024  7\$aprinceton_aco003139$2local
=035  \\$a(OCoLC)ocm42867025
=035  \\$9CNJ7293TS
=040  \\$aPUL$cPUL
=100  0\$aZayn al-ʻĀbidīn ʻAlī ibn al-Ḥusayn,$d-710?$0http://id.loc.gov/authorities/names/n84007864
=245  10$aṢaḥīfeh-yi kāmileh-yi sajjādīyeh.$c[Tarjameh va sharḥ-i ... Muḥyī al-Dīn Mahdī Ilāhī Qumshaʼī.
=260  \\$aTehran,$bMuʼassaseh-yi Maṭbūʻātī-yi Islāmī,$c1387 [1967 or 8]]
=300  \\$a594 p.$c23 cm.
=546  \\$aIn Arabic and Persian.
=945  \\$aF$b1$c2264.106745.379.1967
=911  \\$a20000130
=852  00$03099220$brcppa$t1$hBP193.1.A2$iS245 1967$xtr fr nec
=959  \\$a2009-06-29 13:00:58 -0400

