=LDR  00974cam a2200313I  4500
=001  2788268
=003  NjP
=005  20190705144929.0
=008  991122s1948\\\\ua\\\\\\\\\\\\000\0\ara\d
=024  7\$aprinceton_aco004630$2local
=035  \\$9CNJ7305TS
=040  \\$aPUL$cPUL$dOCLCQ$dPUL
=066  \\$c(3
=050  \4$aHC830$b.I458 1948
=049  \\$aPULL
=035  \\$a(OCoLC)ocm42867097
=100  1\$6880-01$aʻImarī, Aḥmad Suwaylim.
=245  10$6880-02$aMuqaddimah fi al-dirāsāt al-iqtiṣādīyah ...
=260  \\$aCairo,$c1948.
=300  \\$a494 p.$c24 cm.
=546  \\$aTitle-page and text in Arabic.
=880  1\$6100-01/(3/r$aعامري، احمد سويل.
=880  10$6245-02/(3/r$aمقدمة ف الدراسات الاقتصادية ...
=994  \\$aC0$bPUL
=999  \\$a2788268
=902  \\$ajab$bm$6a$7m$dv$f1$e20100729
=979  \\$a(OCoLC)ocn650818641
=852  80$03099232$brcppa$t1$h2271.50426.366$xtr fr f
=959  \\$a2009-06-30 12:22:59 -0500

