=LDR  01151cam a22003615  4500
=001  2788279
=003  NjP
=005  20171013181122.0
=008  991122s1953\\\\ua\\\\\\\\\\\\000\0\ara\d
=024  7\$aprinceton_aco002211$2local
=035  \\$a(OCoLC)ocn178697786
=035  \\$a(OCoLC)ocm42867282
=040  \\$aPUL$cPUL$dPUL
=035  \\$a(OCoLC)178697786
=035  \\$9CNJ7322TS
=035  \\$a(NjP)2788279
=079  \\$aocm42867282
=049  \\$aPULL
=100  1\$6880-01$aBadawī, Aḥmad Aḥmad.
=245  10$6880-02$aMaʼmūn banī Ayyūb;$bal-Muʻaẓẓam ʻĪsā ...
=260  \\$aCairo$c[1953]
=300  \\$a99 p.$c22 cm.
=546  \\$aIn Arabic.
=590  \\$aPhotocopy.
=600  00$aMuʻaẓẓam,$cSultan of Damascus,$d1180-1227.$0http://id.loc.gov/authorities/names/nr93042701
=880  1\$6100-01/r$aبدوي، احمد احمد.
=880  10$6245-02/r$aمأمون بني ايوب؛$bالمعظم عيسى ...
=911  \\$a20000130
=994  \\$aC0$bPUL
=999  \\$a2788279
=852  00$03099243$bnec$t1$hDS97.3.M83$iB333 1953
=852  80$03542095$brcppf$hMICROFILM 02637$xtr fr flm
=959  \\$a2007-08-10 14:29:24 -0400

