=LDR  00864cam a22002415  4500
=001  2788399
=003  NjP
=005  20171013181133.0
=008  991123s1934\\\\ua\a\\\\\\\\\\000\0\ara\d
=024  7\$aprinceton_aco002007$2local
=035  \\$a(OCoLC)ocm42877525
=035  \\$9CNJ7484TS
=040  \\$aPUL$cPUL
=110  1\$aEgypt.$bWizārat al-Muwāṣalāt.$0http://id.loc.gov/authorities/names/n84172963
=245  00$aTārīkh al-barīd fī Miṣr;$bwaḍʻ bi-mu-nāsabat inʻiqād Muʾtamar al-Barīd al-ʻĀla-mī al-ʻāshir bi-al-Qāhirah ...
=260  \\$aCairo,$bal-Maṭbaʻah al-Amīrīyah,$c1934.
=300  \\$a135 p.$billus.$c28 cm.
=546  \\$aIn Arabic.
=650  \0$aPostal service$zEgypt$xHistory.
=945  \\$aF$b1$c2269.31414.389
=911  \\$a20000130
=852  00$03099364$bnec$t1$hHE7336$i.E395 1934
=959  \\$a2006-07-25 09:28:29 -0400

