=LDR  02535cam a2200457 a 4500
=001  2794682
=003  NjP
=005  20190705144942.0
=008  000215s1897\\\\mr\\\\\\\\\\\\000\0\ara\d
=024  7\$aprinceton_aco004611$2local
=035  \\$9CNK4623TS
=035  \\$a(NjP)2794682
=040  \\$aNjP$cPUL$dPUL
=049  \\$aPULL
=035  \\$a(OCoLC)ocm77834789
=100  1\$6880-01$aMakkūdī, ʻAbd al-Raḥmān ibn ʻAlī,$d-1404 or 1405.$0http://id.loc.gov/authorities/names/nr92026099
=240  10$6880-02$aFatḥ al-laṭīf fī ʻilm al-taṣrīf
=245  10$6880-03$aHādhā Sharḥ al-faqīh al-ʻallāmah al-niḥrīr Sayyidī Muḥammad ibn Muḥammad ibn Abī Bakr al-Ṣaghīr al-Dalāʼī al-musammá bi-F atḥ al-laṭīf fī ʻilm al-taṣrīf /$clil-ʻAllāmah Abī Zayd ʻAbd al-Raḥmān al-Makkūdī.
=246  30$6880-04$aSharḥ al-Dalāʼī al-musammá fi-Fatḥ al-laṭīf fī ʻilm al-taṣrīf
=260  \\$6880-05$a[Morocco :$bs.n.],$c1315 [1897]
=300  \\$a1 v. (various pagings) ;$c22 cm.
=600  10$6880-06$aMurābiṭ, Muḥammad ibn Muḥammad,$d1612 or 13-1678.$0http://id.loc.gov/authorities/names/n87841808
=650  \0$aArabic language$xGrammar$vEarly works to 1800.$0http://id.loc.gov/authorities/subjects/sh86000284
=650  \0$aArabic language$xInflection$vEarly works to 1800.$0http://id.loc.gov/authorities/subjects/sh2009115217
=655  \7$aLithographs$zMorocco$y1897$2gmgpc
=880  1\$6100-01/r$aمكودي، عبد الرحمن بن علي،$d-1404 or 1405.
=880  10$6240-02/r$aفتح اللطيف في علم التصريف
=880  10$6245-03/r$aهذا شرح الفقيه العلامة النحرير سيدي محمد بن محمد بن ابي بكر الصغير الدلائي المسمى بف اتح اللطيف في علم التصريف /$cللعلامة ابي زيد عبد الرحمن المكودي.
=880  30$6246-04/r$aشرح الدلائي المسمى ففتح اللطيف في علم التصريف
=880  \\$6260-05/r$a[مغرب :$bس.ن.]،$c1315 [1897]
=880  10$6600-06/r$aمرابط، محمد بن محمد،$d1612 or 13-1678.
=856  4\$uhttp://hdl.handle.net/2027/njp.32101077796603
=948  \\$ajeb
=911  \\$a20000215
=912  \\$a20000215043449.0
=994  \\$aC0$bPUL
=999  \\$a2794682
=979  \\$a(OCoLC)ocn178733938
=852  80$03106189$brcppa$t1$h2272.55.333 1897$xtr fr f
=852  8\$08750497$belf1$hElectronic Resource
=959  \\$a2000-06-08 00:00:00 -0500

