=LDR  02276cam a2200469 a 4500
=001  2795742
=003  NjP
=005  20171013183251.0
=008  000217m18909999mr\\\\\\\\\\\\000\0\ara\d
=024  7\$aprinceton_aco003502$2local
=035  \\$a(OCoLC)ocn178737438
=040  \\$aNjP$cPUL$dPUL
=035  \\$a(OCoLC)178737438
=035  \\$9CNK5708TS
=035  \\$a(NjP)2795742
=079  \\$aocm77949064
=049  \\$aPULL
=100  1\$6880-01$aʻAbbāsī, Aḥmad ibn Muḥammad,$d-1739 or 1740.$0http://id.loc.gov/authorities/names/no00011713
=240  10$6880-02$aAjwibah
=245  10$6880-03$aHādhihi Ajwibat al-faqīh al-ʻallāmah al-Imām al-mudarris Abī al-ʻAbbās Sayyidī Aḥmad ibn Muḥammad ibn Muḥammad al-ʻAbbāsī al-Simlālī /$cjamaʻahā ʻanhi Aḥmad ibn Ibrāhīm ibn Muḥammad ibn ʻAbd Allāh ibn Yaʻqūb al-Simlālī.
=246  30$6880-04$aAjwibat al-ʻAbbāsī al-Simlālī
=260  \\$6880-05$a[Morocco :$bs.n.,$c189-?]-
=300  \\$av. ;$c24 cm.
=650  \0$aFatwas$vEarly works to 1800.$0http://id.loc.gov/authorities/subjects/sh2008120309
=650  \0$aIslamic$xCustoms and practices$vEarly works to 1800.
=655  \7$aLithographs$zMorocco$2gmgpc
=700  1\$6880-06$aAdūzī, Aḥmad ibn Ibrāhīm,$d-1754 or 1755.$0http://id.loc.gov/authorities/names/no00011712
=880  1\$6100-01/r$aعباسي، احمد بن محمد،$d-1739 or 1740.
=880  10$6240-02/r$aاجوبة
=880  10$6245-03/r$aهذه اجوبة الفقيه العلامة الامام المدرس ابي العباس سيدي احمد بن محمد بن محمد العباسي السملالي /$cجمعها عنه احمد بن ابراهيم بن محمد بن عبد الله بن يعقوب السملالي.
=880  30$6246-04/r$aاجوبة العباسي السملالي
=880  \\$6260-05/r$a[مغرب] :$bs.n.،$c189-؟]
=880  1\$6700-06/r$aادوزي، احمد بن ابراهيم،$d-1754 or 1755.
=948  \\$ajeb
=911  \\$a20000217
=912  \\$a20000217050327.0
=994  \\$aC0$bPUL
=999  \\$a2795742
=852  81$03107358$brcppa$t1$hKBL$i.A21405 1890z$xtr fr arab
=866  \0$03107358$aJuzʾ 1
=866  \0$03107358$xDESIGNATOR: juzʾ
=959  \\$a2000-06-13 00:00:00 -0400

