=LDR  01295cam a22003615  4500
=001  2834141
=003  NjP
=005  20190705144958.0
=008  991129s1904\\\\ir\\\\\\\\\\\\000\0\ara\d
=024  7\$aprinceton_aco004638$2local
=035  \\$9CNR6463TS
=035  \\$a(NjP)2834141
=040  \\$aPUL$cPUL$dPUL
=049  \\$aPULL
=066  \\$c(3
=035  \\$a(OCoLC)ocm42892890
=100  1\$6880-01$aṢadr al-Dīn Shīrāzī, Muḥammad ibn Ibrāhīm,$d-1641$0http://id.loc.gov/authorities/names/n81035993
=245  00$6880-02$a[Tafsīr al-Qurʼān]
=260  \\$6880-03$aShīrāz,$bal-Maṭbaʻ al-Muḥammadī$c[1332 [1904]]
=300  \\$a519, [29] p.$c35 cm.
=546  \\$aIn Arabic.
=630  00$aQurʼan$vCommentaries.
=880  1\$6100-01/(3/r$aصدر الدين شيرازي، محمد بن ابراهيم،$dd. 1641.
=880  00$6245-02/(3/r$a[تفسير القرآن]
=880  \\$6260-03/(3/r$aشيراز،$bالمطبع المحمدي$c[1332 [1904]]
=856  4\$uhttp://hdl.handle.net/2027/njp.32101077798294
=911  \\$a20000220
=994  \\$aC0$bPUL
=999  \\$a2834141
=979  \\$a(OCoLC)ocn178115987
=852  80$03146583$brcppa$t1$cOversize$h2273.8283.1904q$xtr fr f
=852  8\$08752741$belf1$hElectronic Resource
=959  \\$a2000-06-08 00:00:00 -0500

