=LDR  01306cam a22003615  4500
=001  2834235
=003  NjP
=005  20190705144959.0
=008  991129m18919999ua\\\\\\\\\\\\000\0\ara\d
=024  7\$aprinceton_aco004633$2local
=035  \\$9CNR6594TS
=035  \\$a(NjP)2834235
=040  \\$aPUL$cPUL$dPUL
=049  \\$aPULL
=035  \\$a(OCoLC)ocm42896859
=100  1\$6880-01$aIbn al-Muʻtazz, ʻAbd Allāh,$d861-908.$0http://id.loc.gov/authorities/names/n79072686
=245  00$6880-02$aDīwān ...$bnaqlan ʻan al-nuskhah al-aṣlī-yah ...
=260  \\$6880-03$aCairo,$bMaṭbaʻat al-Maḥrūsah,$c1891-
=300  \\$av.$c24 cm.
=546  \\$aIn Arabic.
=856  4\$uhttp://catalog.hathitrust.org/Record/009035684
=880  1\$6100-01/r$aابن المعتز، عبد الله،$d861-908.
=880  00$6245-02/r$aديوان ...$bنقلن عن النسخة الاصليية ...
=880  \\$6260-03/r$aر،$bمطبعة المحروسة،$c1891-
=856  4\$uhttp://hdl.handle.net/2027/njp.32101077781654$v3 v.1
=911  \\$a20000220
=994  \\$aC0$bPUL
=999  \\$a2834235
=979  \\$a(OCoLC)ocn178117414
=852  81$03146680$brcppa$t1$h2271.40937.1891$xtr fr f
=866  \0$03146680$80$av.1
=852  8\$08752764$belf1$hElectronic Resource
=959  \\$a2000-06-08 00:00:00 -0500

