=LDR  01304cam a22003735  4500
=001  2834301
=003  NjP
=005  20171019170302.0
=008  991130s1955\\\\ua\\\\\\\\\\\\000\0\ara\d
=024  7\$aprinceton_aco002432$2local
=035  \\$a(OCoLC)ocn178118413
=035  \\$a(OCoLC)ocm42898907
=040  \\$aPUL$cPUL$dPUL
=035  \\$a(OCoLC)178118413
=035  \\$9CNR6669TS
=035  \\$a(NjP)2834301
=079  \\$aocm42898907
=049  \\$aPULL
=110  1\$aFrance.$0http://id.loc.gov/authorities/names/n79006404
=240  10$aTreaties, etc.
=245  13$6880-01$aal-Ittifāqīyāt al-Faransīyah al-Tūnisī-yah wa-mulḥaqātuhā.
=260  \\$6880-02$aCairo,$bal-Maṭbaʻah al-ʻĀlamīyah,$c1955.
=300  \\$a91 p.$c28 cm.
=546  \\$aIn Arabic.
=651  \0$aFrance$xForeign relations$vTreaties.
=651  \0$aTunisia$xForeign relations$zFrance.
=710  1\$aTunisia.$tTreaties, etc., 1955.$0http://id.loc.gov/authorities/names/n79065220
=880  12$6245-01/r$aالاتفاقيات الفرنسية التونسيية وملحقاتها.
=880  \\$6260-02/r$aCairo$bالمطبعة العالمية،$c1955.
=911  \\$a20000220
=994  \\$aC0$bPUL
=999  \\$a2834301
=852  00$03146747$bnec$t1$hDC59.8.T8$iF736 1955
=959  \\$a2009-06-30 09:11:12 -0400

