=LDR  01194cam a22003735  4500
=001  2834303
=003  NjP
=005  20171019170303.0
=008  991130s1952\\\\ua\\\\\\\\\\\\000\0\ara\d
=024  7\$aprinceton_aco001946$2local
=035  \\$a(OCoLC)ocn178118434
=035  \\$a(OCoLC)ocm42898912
=040  \\$aPUL$cPUL$dPUL
=035  \\$a(OCoLC)178118434
=035  \\$9CNR6671TS
=035  \\$a(NjP)2834303
=041  1\$aara$hger
=079  \\$aocm42898912
=049  \\$aPULL
=100  1\$aFreud, Sigmund,$d1856-1939$0http://id.loc.gov/authorities/names/n79043849
=245  00$6880-01$aMā fawqa mabdaʼ al-ladhdhah.
=260  \\$6880-02$aCairo,$bDār al-maʻārif$c[1952?]
=300  \\$a111 p.$c25 cm.
=546  \\$aIn Arabic.
=500  \\$aTranslation of his Jenseits des Lustprinzips, by Isḥāq Ramzī.
=700  1\$6880-03$aRamzī, Isḥāq,$etr.
=880  00$6245-01/r$aما فوق مبدأ اللذة.
=880  \\$6260-02/r$aر،$bدار المعارف$c[1952؟]
=880  1\$6700-03/r$aرمزي، اسحاق،$eتر.
=911  \\$a20000220
=994  \\$aC0$bPUL
=999  \\$a2834303
=852  00$03146749$bnec$t1$hBF173$i.F748 1952
=959  \\$a2009-06-30 09:11:48 -0400

