=LDR  00651cam a22002295  4500
=001  2834315
=003  NjP
=005  20010117162936.0
=008  991130s1949\\\\ua\a\\\\\\\\\\000\0\ara\d
=024  7\$aprinceton_aco004430$2local
=035  \\$a(OCoLC)ocm42898995
=035  \\$9CNR6683TS
=040  \\$aPUL$cPUL
=100  1\$aQūṣi, Iḥsān Aḥmad.
=245  00$aFi maydān al-khidmah al-ijtimāʻiyah ...
=260  \\$a[Cairo]$c1949.
=300  \\$a247 p.$billus.$c25 cm.
=546  \\$aTitle-page and text in Arabic.
=945  \\$aF$b1$c2274.1.334
=911  \\$a20000220
=852  80$03146761$brcppa$t1$h2274.1.334$xtr fr f
=959  \\$a2009-07-01 13:48:04 -0500

