=LDR  00744cam a22002415  4500
=001  2834513
=003  NjP
=005  20171019170320.0
=008  991130s1930\\\\ua\a\\\\\\\\\\000\0\ara\d
=024  7\$aprinceton_aco002567$2local
=035  \\$a(OCoLC)ocm42905854
=035  \\$9CNR6923TS
=040  \\$aPUL$cPUL
=100  1\$aBasīm, Muḥammad ʻAlī.
=245  00$aTarbiyat dūdat al-qazz wa-ashjār al-tūt.
=260  \\$aCairo,$bal-Maṭbaʻah al-ʻAṣrīyah,$c1930.
=300  \\$a88 p.$billus.$c25 cm.
=546  \\$aIn Arabic.
=650  \0$aSericulture.$0http://id.loc.gov/authorities/subjects/sh85120235
=945  \\$aF$b1$c2267.1605.389
=911  \\$a20000220
=852  00$03146961$bnec$t1$hSF542$i.B375 1930
=959  \\$a2009-06-29 15:30:38 -0500

