=LDR  01611cam a22003975  4500
=001  2834526
=003  NjP
=005  20190705145003.0
=008  991130m19601961ir\\\\\\\\\\\\000\0\ara\d
=024  7\$aprinceton_aco003841$2local
=040  \\$aPUL$cPUL$dPUL
=066  \\$c(3
=035  \\$9CNR6938TS
=035  \\$a(NjP)2834526
=090  \\$aBP144$b.B33 1960
=049  \\$aPULL
=035  \\$a(OCoLC)ocm42905976
=100  1\$6880-01$aBihbihānī, ʻAlī ibn Muḥammad,$d1885 or 6-
=245  03$6880-02$aal-Qawāʻid al-fiqhīyah;$bqawāʻid kullīyah wa-fawāʾid ʻāmmah min al-fiqh wa-al-uṣūl.
=246  04$6880-03$aQawāʻid al-kullīyah fī masāʾil muhimmah min al-fiqh wa-al-uṣūl
=260  \\$6880-04$a[Tehran] :$bMarkaz Nashr al-Kitāb,$c1380 [1960 or 1961]
=300  \\$a2 v.$c22 cm.
=546  \\$aIn Arabic.
=650  \0$aIslamic law.$0http://id.loc.gov/authorities/subjects/sh85068454
=880  1\$6100-01/(3/r$aبهبهاني، علي بن محمد،$d1885 or 6-
=880  02$6245-02/(3/r$aالقواعد الفقهية؛$bقواعد كلية وفوائد عامة من الفقه والاصول.
=880  04$6246-03/(3/r$aقواعد الكلية في مسائل مهمة من الفقه والاصول
=880  \\$6260-04/(3/r$a[طهران] :$bمركز نشر الكتاب،$c1380 [1960 or 1961]
=911  \\$a20000220
=994  \\$aC0$bPUL
=999  \\$a2834526
=902  \\$ajab$br$6$7$dv$f0$e20100714
=979  \\$a(OCoLC)ocn178121743
=852  01$03146974$brcppa$hBP144$i.B33 1960$xtr fr nec
=866  \0$03146974$80$av.2
=959  \\$a2000-12-12 15:04:42 -0400

