=LDR  00781cam a22002415  4500
=001  2834538
=003  NjP
=005  20171019170322.0
=008  991201s1936\\\\ua\\\\\\\\\\\\000\0\ara\d
=024  7\$aprinceton_aco003199$2local
=035  \\$a(OCoLC)ocm42906075
=035  \\$9CNR6950TS
=040  \\$aPUL$cPUL
=100  1\$aGhamrāwī, Muḥammad Aḥmad.
=245  00$aFī sunan Allāh al-kawnīyah.
=260  \\$a[Cairo]$bMaṭbaʻat Lajnat al-Taʻlīf wa-al-Tarjamah wa-al-Nashr,$c1936.
=300  \\$a229 p.$c24 cm.
=546  \\$aIn Arabic.
=650  \0$aIslam and science.$0http://id.loc.gov/authorities/subjects/sh85068424
=945  \\$aF$b1$c2269.37762.334
=911  \\$a20000220
=852  00$03146986$brcppa$t1$hBP190.5.S3$iG436 1936$xtr fr nec
=959  \\$a2009-06-30 09:17:43 -0400

