=LDR  00806cam a22002415  4500
=001  2834896
=003  NjP
=005  20171019170352.0
=008  991202s1954\\\\su\\\\\\\\\\\\000\0\ara\d
=024  7\$aprinceton_aco004003$2local
=035  \\$a(OCoLC)ocm42914998
=035  \\$9CNR7322TS
=040  \\$aPUL$cPUL
=100  1\$aḤakamī, Ḥāfiẓ ibn Aḥmad.
=245  00$aDalīl arbāb al-falāḥ li-taḥqīq fann al-iṣṭilāḥ.
=260  \\$aMecca,$bMaṭābiʻ al-Bilād al-Suʻūdīyah,$c1374 [1954/5]
=300  \\$a174 p.$c24 cm.
=546  \\$aIn Arabic.
=650  \0$aHadith$vTerminology.$0http://id.loc.gov/authorities/subjects/sh2009126163
=945  \\$aF$b1$c2270.01.7095
=911  \\$a20000220
=852  00$03147353$brcppa$t1$hBP135$i.H353 1954$xtr fr nec
=959  \\$a2009-06-30 09:48:18 -0400

