=LDR  00840cam a22002415  4500
=001  2835222
=003  NjP
=005  20100811084854.0
=008  991203s1955\\\\ua\\\\\\\\\\\\000\0\ara\d
=024  7\$aprinceton_aco003323$2local
=035  \\$a(OCoLC)ocm42932736
=035  \\$9CNR7702TS
=040  \\$aPUL$cPUL
=100  1\$aTuwayjirī, ʻAbd al-Raḥmān ibn ʻAbd Allāh.
=245  03$aal-Shuhub al-marmīyah li-maḥq al-maʻāzif wa-al-mazāmīr wa-sāʾir al-malahī bi-al-adillah al-naqlīyah wa-al-ʻaqlīyah.
=260  \\$aCairo,$bDār al-Kitāb al-ʻArabī,$c1375 [1955]
=300  \\$a135 p.$c24 cm.
=546  \\$aIn Arabic.
=500  \\$aEd. by ʻAbd al-Ḥakīm Surūr.
=945  \\$aF$b1$c2276.9168.385
=911  \\$a20000220
=852  00$03147681$brcppa$t1$hBP183.6$i.T882 1955$xtr fr nec
=959  \\$a2009-07-02 15:05:11 -0400

