=LDR  01168cam a22003495  4500
=001  2835228
=003  NjP
=005  20111031152740.0
=008  991203s1959\\\\sy\\\\\\\\\\\\000\0\ara\d
=024  7\$aprinceton_aco003266$2local
=035  \\$a(OCoLC)ocn178132847
=035  \\$a(OCoLC)ocm42932749
=040  \\$aPUL$cPUL$dPUL
=035  \\$a(OCoLC)178132847
=035  \\$9CNR7708TS
=035  \\$a(NjP)2835228
=079  \\$aocm42932749
=049  \\$aPULL
=100  1\$6880-01$aʻUbayd, Ḥamdī.
=245  00$6880-02$aKhuṭab Ḥamdī ʻUbayd fī al-amr bi-al-maʻrūf wa-al-nahy ʻan al-munkar.
=260  \\$6880-03$a[Damascus]$bal-Maṭbaʻat al-Hāshimīyah$c[1959]
=300  \\$a312 p.$c17 cm.
=546  \\$aIn Arabic.
=650  \0$aMohammedan sermons.
=880  1\$6100-01/r$aعبيد، حمدي.
=880  00$6245-02/r$aخطب حمدي عبيد في الامر بالمعروف والنهي عن المنكر.
=880  \\$6260-03/r$a[دمشق]$bالمطبعة الهاشمية$c[1959]
=911  \\$a20000220
=994  \\$aC0$bPUL
=999  \\$a2835228
=852  00$03147687$brcppa$t1$hBP183.6$i.U239 1959$xtr fr nec
=959  \\$a2009-07-02 15:06:00 -0400

