=LDR  01466cam a22003735  4500
=001  2835679
=003  NjP
=005  20190705145012.0
=008  991206s191u\\\\le\\\\\\\\\\\\000\0\ara\d
=024  7\$aprinceton_aco004596$2local
=035  \\$9CNR8176TS
=035  \\$a(NjP)2835679
=040  \\$aPUL$cPUL$dPUL
=049  \\$aPULL
=035  \\$a(OCoLC)ocm42938039
=100  1\$6880-01$aRāwī, Ibrāhīm,$d1859 or 60-1945 or 6.$0http://id.loc.gov/authorities/names/nr94017368
=245  00$6880-02$aBulūgh al-arab fī tarjamat al-sayyid al-shaykh Rajab wa-dhurriyatihi ahl al-ḥasab.
=260  \\$6880-03$aBeirut,$bMaṭbaʻat Jarīdat al-Iobāl$c[191-?]
=300  \\$a232 p.$c21 cm.
=546  \\$aIn Arabic.
=700  1\$6880-04$aRāwī, Rajab ibn Ḥasan,$dfl. 1662.
=700  3\$aRāwī Family.
=880  1\$6100-01/r$aراوي، ابراهيم،$d1859 or 60-1945 or 6.
=880  00$6245-02/r$aبلوغ الارب في ترجمة السيد الشيخ رجب وذريته اهل الحسب.
=880  \\$6260-03/r$aبىروت،$bمطبعة جريدة اللبال$c[191-؟]
=880  1\$6700-04/r$aراوي، رجب بن حسن،$dfl. 1662.
=856  4\$uhttp://hdl.handle.net/2027/njp.32101077778585
=911  \\$a20000220
=994  \\$aC0$bPUL
=999  \\$a2835679
=979  \\$a(OCoLC)ocn178140171
=852  80$03148160$brcppa$t1$h2274.36262.322$xtr fr f
=852  8\$08752964$belf1$hElectronic Resource
=959  \\$a2000-06-08 00:00:00 -0500

