=LDR  01338cam a22003735  4500
=001  2835721
=003  NjP
=005  20190710123716.0
=008  991206s1938\\\\ua\\\\\\\\\\\\000\0\ara\d
=024  7\$aprinceton_aco004686$2local
=035  \\$a2835721
=040  \\$aPUL$cPUL$dPUL
=066  \\$c(3
=035  \\$9CNR8225TS
=035  \\$a(NjP)2835721
=050  \4$aD921$bH3 1938
=049  \\$aPULL
=019  \\$a42940038
=035  \\$a(OCoLC)ocn861706879$z(OCoLC)ocm42940038
=100  0\$aṢiḥāfī al-ʻajūz,$cpseud.
=245  00$6880-01$aRiḥlāt al-Ṣiḥāfī al-ʻajūz:$bshahrān fī Lubnān wa-bilād al-Yūnān wa-Īṭāliyā wa-Ṭarābulus al-Gharb ṣayf sanat 1938.
=260  \\$a[Cairo]$c1938.
=300  \\$a268 p.$c20 cm.
=546  \\$aIn Arabic.
=651  \0$aEurope$xDescription and travel.$0http://id.loc.gov/authorities/subjects/sh85045661
=880  00$6245-01/(3/r$aرحلات الصحافي العجوز:$bشهران في لبنان وبلاد اليونان وايطالا وطرابلس الغرب صيف سنة 1938.
=911  \\$a20000220
=994  \\$aC0$bPUL
=999  \\$a2835721
=902  \\$ajab$br$6a$7m$dv$f0$e20100726
=979  \\$a(OCoLC)ocn178140876
=979  \\$a(OCoLC)ocm42940038
=852  80$03148202$brcppa$t1$h2274.888.376$xtr fr f
=959  \\$a2009-07-02 12:18:34 -0500

