=LDR  01041cam a22003135  4500
=001  2835803
=003  NjP
=005  20190705145012.0
=008  991207s1928\\\\ua\a\\\\\\\\\\000\0\ara\d
=024  7\$aprinceton_aco004613$2local
=040  \\$aPUL$cPUL$dPUL
=035  \\$9CNR8348TS
=035  \\$a(NjP)2835803
=049  \\$aPULL
=035  \\$a(OCoLC)ocm42943664
=100  1\$6880-01$aRushdī, Zakarīyā Aḥmad.
=245  00$6880-02$aAbṭāl al-Islām fī al-ḥarb wa-al-si-yāsah.
=260  \\$6880-03$aIskandarīyah,$bMaṭbaʻat al-Rush-dīyāt,$c1928.
=300  \\$a95 p.$billus.$c24 cm.
=546  \\$aIn Arabic.
=880  1\$6100-01/r$aرشدي، زكريا احمد.
=880  00$6245-02/r$aابطال الاسلام في الحرب والسياسة.
=880  \\$6260-03/r$aاسكندرية،$bمطبعة الرشديات،$c1928.
=911  \\$a20000220
=994  \\$aC0$bPUL
=999  \\$a2835803
=979  \\$a(OCoLC)ocn178142120
=852  80$03148284$brcppa$t1$h2274.718.311$xtr fr f
=959  \\$a2009-07-01 14:47:35 -0500

