=LDR  01136cam a22003495  4500
=001  2835826
=003  NjP
=005  20170516151512.0
=008  991207s1969\\\\iq\\\\\\\\\\\\000\0\ara\d
=024  7\$aprinceton_aco003328$2local
=035  \\$a(OCoLC)ocn178142455
=035  \\$a(OCoLC)ocm42945710
=040  \\$aPUL$cPUL$dPUL
=035  \\$a(OCoLC)178142455
=035  \\$9CNR8394TS
=035  \\$a(NjP)2835826
=079  \\$aocm42945710
=049  \\$aPULL
=100  1\$6880-01$aShīrāzī, Muḥammad al-Mahdī al-Ḥusaynī.
=245  10$6880-02$aKayfa intashara al-Islām?
=260  \\$6880-03$aKarbalāʼ,$bHayʼat Shabāb al-Tablīgh$c[1969?]
=300  \\$a91 p.$c21 cm.
=546  \\$aIn Arabic.
=650  \0$aIslam$xMissions$xHistory.
=880  1\$6100-01/r$aشيرازي، محمد المهدي الحسيني.
=880  10$6245-02/r$aكيف انتشر الاسلام؟
=880  \\$6260-03/r$aكربلاء،$bهيئت شباب التبليغ$c[1969؟]
=911  \\$a20000220
=994  \\$aC0$bPUL
=999  \\$a2835826
=852  00$03148307$brcppa$t1$hBP170.3$i.S557 1969$xtr fr nec
=959  \\$a2009-07-02 08:35:42 -0400

