=LDR  01148cam a22003255  4500
=001  2836277
=003  NjP
=005  20190705145013.0
=008  991208m19509999ua\ab\\\\\\\\\000\0\ara\d
=024  7\$aprinceton_aco004685$2local
=040  \\$aPUL$cPUL$dPUL
=035  \\$9CNR8963TS
=035  \\$a(NjP)2836277
=049  \\$aPULL
=035  \\$a(OCoLC)ocm42959340
=100  1\$6880-01$aṢubḥī, Maḥmūd.
=245  00$6880-02$aMaʻārik al-Sharq al-Awsaṭ, 1939-1941$c[taʼlīf] Maḥmūd Ṣubḥī [wa] Aḥmad Shawqī ʻAbd al-Raḥman.
=246  0\$iAt head of title:$aMin al-tārīkh al-ḥarbī
=260  \\$a[Cairo]$bMaṭbaʻat Miṣr,$c1950-
=300  \\$av.$billus., maps.$c20 cm.
=546  \\$aIn Arabic.
=880  1\$6100-01/r$aصبحي، محمود.
=880  00$6245-02/r$aمعارك الشرق الاوسط، 1939-1941$c[تأليف] محمود صبحي [و] احمد شوقي عبد الرحمن.
=911  \\$a20000220
=994  \\$aC0$bPUL
=999  \\$a2836277
=979  \\$a(OCoLC)ocn178149668
=852  81$03148768$brcppa$t1$h2274.9765.361$xtr fr f
=866  \0$03148768$80$av.1
=959  \\$a2009-07-02 12:23:54 -0500

