=LDR  00687cam a22002295  4500
=001  2836874
=003  NjP
=005  20100811084935.0
=008  991212s1889\\\\ua\\\\\\\\\\\\000\0\ara\d
=024  7\$aprinceton_aco004347$2local
=035  \\$a(OCoLC)ocm42979934
=035  \\$9CNR9636TS
=040  \\$aPUL$cPUL
=100  1\$aQalyūbī, Aḥmad ibn Aḥmad,$dd. 1659.
=245  00$aTuḥfat al-rāghib fī sīrat jamāʻah min aʻyān ahl al-bayt al-aṭāʾib.
=260  \\$a[Cairo?]$c1307 [1889]
=300  \\$a56 p.$c20 cm.
=546  \\$aIn Arabic.
=945  \\$aF$b1$c2272.81.391
=911  \\$a20000220
=852  80$03149365$brcppa$t1$h2272.81.391$xtr fr f
=959  \\$a2011-03-04 12:40:45 -0500

