=LDR  00906cam a22002771a 4500
=001  2842306
=003  NjP
=005  20160203131626.0
=008  891214s1967\\\\iq\\\\\\\\\\\\000\0\ara\\
=024  7\$aprinceton_aco003998$2local
=010  \\$ane 68004267 
=035  \\$a(CStRLIN)DCLC89965377-B
=035  \\$9CNS6039TS
=040  \\$aNjP$cNjP
=043  \\$aa-iq---
=100  1\$aMuṣṭafá, Ḥāmid.
=245  10$aDalīl al-tashrīʻ al-ʻIrāqī /$cwaḍʻ Ḥāmid Muṣṭafá.
=250  \\$aal-Ṭabʻah 7., muʻaddalah wifqan limā ṭaraʾa min taʻdīl wa-ilghā ḥattá tārīkh al-ṭabʻ.
=260  \\$aBaghdād :$bDār al-Jumhūrīyah,$c[1967
=300  \\$a208 p. ;$c17 cm.
=650  \0$aLaw$zIraq$vIndexes.
=948  \\$ajab/con
=911  \\$a20000304
=912  \\$a20000306033638.0
=852  00$03155021$brcppa$t1$hKMJ10.5$i.M87 1967$xtr fr f
=959  \\$a2000-06-13 00:00:00 -0400

