=LDR  00753cam a22002415  4500
=001  2911723
=003  NjP
=005  20171102172045.0
=008  880525s1967\\\\ir\\\\\\\\\\\\000\0\ara\d
=024  7\$aprinceton_aco001905$2local
=035  \\$a(OCoLC)ocm17998918
=035  \\$9CPD6375TS
=040  \\$aCLU$cCLU$dPUL
=100  1\$aMurtazavi, Hasan.
=245  10$aMalikiyat va tahdid-i an dar islam.
=260  \\$a[Tihran,$c1346/1967]
=300  \\$a547 p.
=650  \0$aProperty (Islamic law)$0http://id.loc.gov/authorities/subjects/sh85107508
=650  \0$aIslamic law.$0http://id.loc.gov/authorities/subjects/sh85068454
=945  \\$aSY$b1$c2469.7415.361
=911  \\$a20000402
=852  00$03226072$bnec$t1$hKBP640.32$i.M878 1967
=959  \\$a2009-08-31 10:31:36 -0500

