=LDR  01230cam a22003015  4500
=001  2944848
=003  NjP
=005  20171107172658.0
=008  000108s1874\\\\le\\\\\\\\\\\\000\0\ara\d
=024  7\$aprinceton_aco004565$2local
=035  \\$a(OCoLC)ocm43219405
=035  \\$9CPH5795TS
=040  \\$aPUL$cPUL
=100  1\$aZurqānī, Muḥammad ibn ʻAbd al-Bāqī,$d1645-1710.$0http://id.loc.gov/authorities/names/n82078406
=245  00$aSharḥ ... al-Zurqānī ʻalā al-Mawāhib al-ladunīyah lil ... Qasṭallānī.
=260  \\$a[Cairo,$c1291 [1874]]
=300  \\$a8 v.$c27 cm.
=546  \\$aIn Arabic.
=600  00$aMuḥammad,$cProphet,$dd. 632$vBiography$vEarly works to 1800.
=600  10$aQasṭallānī, Aḥmad ibn Muḥammad,$d1447 or 1448-1517 or 1518.$tMawāhib al-ladunīyah.
=650  \0$aIslam$xCustoms and practices$vEarly works to 1800.$0http://id.loc.gov/authorities/subjects/sh2008104961
=856  4\$uhttp://catalog.hathitrust.org/Record/009009233
=945  \\$aF$b1$c2272.837.996.1874$ev.1-8
=911  \\$a20000402
=852  81$03259627$brcppa$t1$h2272.837.996.1874$xtr fr f
=866  \0$03259627$80$av.1-8
=852  8\$08763405$belf1$hElectronic Resource
=959  \\$a2000-06-08 00:00:00 -0500

