=LDR  00942cam a22002771a 4500
=001  2957664
=003  NjP
=005  20171109165452.0
=008  960828s1964\\\\iq\a\\\\\\\\\\000\0\ara\\
=024  7\$aprinceton_aco001911$2local
=010  \\$a   65001086 
=035  \\$a(CStRLIN)MAHGBIE52959-B
=035  \\$a(MH)MHBIE52959HU
=035  \\$9CPK0065TS
=040  \\$aDLC$cDLC$dMH$dCStRLIN$dNjP
=100  1\$aḤillī, Ḥusayn.
=245  10$aBuḥūth fiqhīyah min muḥāḍarāt Ḥusayn al-Ḥillī /$c[bi-qalam] ʻIzz al-Dīn Baḥr al-ʻUlūm.
=260  \\$aal-Najaf :$bMaṭbaʻat al-Ādāb,$c1964.
=300  \\$a308 p. :$bill. ;$c25cm.
=650  \0$aIslamic law.$0http://id.loc.gov/authorities/subjects/sh85068454
=700  2\$aBaḥr al-ʻUlūm, ʻIzz al-Dīn ʻAlī.
=948  \\$ajab/con
=911  \\$a20000407
=912  \\$a20000410051554.0
=852  00$03272512$bnec$t1$hKBP144$i.H555 1964
=959  \\$a2009-06-30 10:56:00 -0500

