=LDR  00800cam a22002651a 4500
=001  2957669
=003  NjP
=005  20160203133154.0
=008  960913s1962\\\\sy\\\\\\\\\\\\000\0\ara\\
=024  7\$aprinceton_aco004559$2local
=010  \\$a   65000721 
=035  \\$a(CStRLIN)MAHGBIL58370-B
=035  \\$a(MH)MHBIL58370HU
=035  \\$9CPK0070TS
=040  \\$aDLC$cDLC$dMH$dCStRLIN$dNjP
=100  1\$aḤaydar, Muḥammad.
=245  14$aal-ʻĀlam al-masḥūr :$bqiṣaṣ /$cMuḥammad Ḥaydar.
=250  \\$aal-Ṭabʻah 1.
=260  \\$aDimashq :$bDār al-Sharq lil-Nashr wa-al-Tawzīʻ,$c[1962]
=300  \\$a144 p. ;$c22 cm.
=948  \\$ajab/con
=911  \\$a20000407
=912  \\$a20000410051715.0
=852  80$03272517$brcppa$t1$h2271.32652.311$xtr fr f
=959  \\$a2009-06-30 10:44:40 -0500

