=LDR  01612cam a22004211  4500
=001  2963508
=003  NjP
=005  20171109170913.0
=008  950725s1963\\\\iq\\\\\\\b\\\\000\0\ara\d
=024  7\$aprinceton_aco001996$2local
=010  \\$a   64002583 
=035  \\$a(OCoLC)ocn178537990
=035  \\$a(OCoLC)178537990
=035  \\$a(CStRLIN)MAHGBCO84772-B
=035  \\$a(MH)MHBCO84772HU
=035  \\$9CPK6930TS
=035  \\$a(NjP)2963508
=040  \\$aMH$cPUL$dPUL
=049  \\$aPULL
=079  \\$aocn122922795
=100  1\$6880-01$aKhiṣbāk, Jaʻfar Husayn.
=245  10$6880-02$aAḥwāl al-ʻIrāq al-iqtiṣādīyah fī ʻahd al-Īlkhānīyīn al-Maghūl, 656-737 H. (1258-1336 M.) /$ctaʼlīf Jaʻfar Ḥusayn Khiṣbāk.
=246  31$aEconomic conditions in Iraq in the period of the Ilkhanid Mongols, 1258-1336
=260  \\$6880-03$a[Bagdad :$bs.n.,$c1962?]
=300  \\$a56 p. ;$c25 cm.
=500  \\$aCover title.
=504  \\$aIncludes bibliographical references.
=650  \0$aIraq$xEconomic conditions.$0http://id.loc.gov/authorities/subjects/sh2002008855
=880  1\$6100-01/r$aخصباك، جعفر حسين.
=880  10$6245-02/r$aاحوال العراق الاقتصادية في عهد الالخانيين المغول، 656-737 ه. (1258-1336 م.) /$cتأليف جعفر حسين خصباك.
=880  \\$6260-03/r$a[بغداد :$bس.ن.،$c1962؟]
=948  \\$ajab/con
=911  \\$a20000427
=912  \\$a20000502040602.0
=994  \\$aC0$bPUL
=999  \\$a2963508
=852  00$03278588$bnec$t1$hHC415.4$i.K457 1963
=959  \\$a2009-06-30 15:04:39 -0400

