=LDR  01961cam a22003975  4500
=001  3033644
=003  NjP
=005  20171122172750.0
=008  000229s1946\\\\iq\\\\\\\\\\\\000\0\ara\d
=024  7\$aprinceton_aco003321$2local
=035  \\$a(OCoLC)ocn178593554
=035  \\$a(OCoLC)ocm43538179
=040  \\$aPUL$cPUL$dPUL
=035  \\$a(OCoLC)178593554
=035  \\$9CPT2601TS
=035  \\$a(NjP)3033644
=041  0\$aaraper$haraper
=079  \\$aocm43538179
=049  \\$aPULL
=100  1\$6880-01$aQummī, ʻAbbās ibn Muḥammad Riḍā,$d-1941.$0http://id.loc.gov/authorities/names/n80013464
=240  10$6880-02$aKullīyāt-i Mafātīḥ al-jinān.$lArabic & Persian
=245  10$6880-03$aMiftāḥ al-jinān fī al-adʻiyah wa-al-ziyārāt wa-al-adhkār.$bWa-qad uḍīfat ʻalā nuskhatihā al-aṣlīyah thalāth mulḥaqāt wa-bāshara taṣḥīḥahā jamāʻah min al-afāḍil.
=260  \\$6880-04$aKāẓimīyah,$bDār al-Kutub al-ʻIrāqīyah,$c1366 [1946 or 7]
=300  \\$a464, 40, 32 p.$c22 cm.
=500  \\$aCollection of prayers originally published in Persian; individual prayers originally in Arabic.
=546  \\$aIn Arabic and Persian.
=650  \0$aIslam$vPrayers and devotions.$0http://id.loc.gov/authorities/subjects/sh85068403
=880  1\$6100-01/r$aقمي، عباس بن محمد رضا،$d-1941.
=880  10$6240-02/r$aكلياتا مفاتيح الجنان.$lArabic & Persian
=880  10$6245-03/r$aمفتاح الجنان في الادعية والزيارات والاذكار.$bوقد اضيفة علا نسختها الاصلية ثلاث ملحقات وباشر تصحيحها جماعة من الافاضل.
=880  \\$6260-04/r$aكاظمية،$bدار الكتب العراقية،$c1366 [1946 or 7]
=911  \\$a20000603
=994  \\$aC0$bPUL
=999  \\$a3033644
=852  00$03350141$brcppa$t1$hBP183.3$i.Q56512 1946$xtr fr nec
=959  \\$a2009-08-31 12:19:56 -0400

