=LDR  00937cam a22002535  4500
=001  3033658
=003  NjP
=005  20171122172751.0
=008  000229s1925\\\\ir\\\\\\\\\\\\000\0\ara\d
=024  7\$aprinceton_aco003558$2local
=035  \\$a(OCoLC)ocm43538384
=035  \\$9CPT2615TS
=040  \\$aPUL$cPUL
=100  1\$aQummī, ʻAbbās ibn Muḥammad Riḍā,$dd. 1941.$0http://id.loc.gov/authorities/names/n80013464
=245  03$aal-Anwār al-bahīyah fī tawārīkh al-ḥujaj al-ilāhīyah.
=260  \\$aTabrīz,$c1344 [1925]
=300  \\$a198, 50 p.$c23 cm.
=546  \\$aIn Arabic.
=500  \\$aContains also his Nafthat al-maṣdūr fī tajdīd aḥzān yawm al-ʻāshūr (5o p. at end).
=650  \0$aAlids.$0http://id.loc.gov/authorities/subjects/sh85003500
=945  \\$aSY$b1$c2473.487.312
=911  \\$a20000603
=852  00$03350156$brcppa$t1$hBP195.A75$iQ554 1925$xtr fr nec
=959  \\$a2009-08-31 12:19:35 -0400

