=LDR  01475cam a2200361 a 4500
=001  314793
=003  NjP
=005  20190705140132.0
=008  860701s1960\\\\sj\abc\\\\\\\f000\0\ara\d
=024  7\$aprinceton_aco003797$2local
=040  \\$aPUL$cPUL$dPUL
=035  \\$a(CStRLIN)NJPG86-B26700
=035  \\$9ABP0092TS
=035  \\$a(NjP)314793
=049  \\$aPULL
=035  \\$a(OCoLC)ocm78082384
=245  00$6880-01$aMashrūʻ al-Jazīrah. /$caʻaddahu lil-ṭabʻ ḍābiṭ al-ṣiḥāfah wa-al-istiʻlāmāt bi-Idārat al-Jazīrah.
=260  \\$6880-02$a[Khartoum] :$bJumhūrīyat al-Sūdān, Majlis Idārat al-Jazīrah,$c1960.
=300  \\$a63 p. :$bill., col. map, ports. ;$c22 cm.
=500  \\$aCover title.
=650  \0$aAgriculture$zSudan$zJazīrah (Province).
=650  \0$aJazīrah (Sudan : Province)$xEconomic conditions.
=650  \0$aRural development$zSudan.
=880  00$6245-01/r$aمشروع الجزيرة. /$cاعده للطبع ضابط الصحافة والاستعلامات بادارة الجزيرة.
=880  \\$6260-02/r$a[خرتم] :$bجمهورية السودان، مجلس ادارة الجزيرة،$c1960.
=998  \\$a07/13/88$s9118$nNjP$wNJPG86B26700$d07/01/86$cDGH$bDGH$i880713$lNJPG
=911  \\$a19921028
=912  \\$a19900827000000.0
=994  \\$aC0$bPUL
=999  \\$a314793
=979  \\$a(OCoLC)ocn175675335
=852  00$0344398$brcppa$t1$hHD2123.5.Z9$iJ397$xtr fr arab
=959  \\$a2000-06-13 00:00:00 -0400

