=LDR  01752cam a2200445 a 4500
=001  319501
=003  NjP
=005  20190705140139.0
=008  860729s1900\\\\le\\\\\\\\\\\\000\0\ara\d
=024  7\$aprinceton_aco003704$2local
=040  \\$aNjP$cPUL$dPUL
=066  \\$c(3
=035  \\$a(CStRLIN)NJPG86-B31148
=035  \\$9ABP4808TS
=035  \\$a(NjP)319501
=041  1\$aara$htur
=043  \\$aa-tu---
=049  \\$aPULL
=035  \\$a(OCoLC)ocm33994285
=100  0\$aKāẓim Bey,$cAfandī,$dactive approximately 1890?
=240  10$aTelhis-i hukuk-ı mevzua
=245  10$6880-01$aTalkhīṣ al-ḥuqūq al-mawḍūʻah /$cli-haḍrat Kāẓim Bik Afandī ; muʻarrab bi-qalam Kamāl Qazaḥ wa-qad aḍāfa ilayhi ziyādāt dhāta shaʼn.
=250  \\$6880-02$aṬabʻah 2.
=260  \\$6880-03$aBayrūt :$bal-Maṭbaʻah al-Adabīyah,$c1900.
=300  \\$a346 p. ;$c21 cm.
=500  \\$aTitle page partially vocalized.
=650  \0$aLaw$xTurkey.$0http://id.loc.gov/authorities/subjects/sh2008106842
=700  1\$6880-04$aQazaḥ, Kamāl.
=880  10$6245-01/(3/r$aتلخيص الحقوق الموضوعة /$cلهضرة كاظم بك افندي ؛ معرب بقلم كمال قزح وقد اضاف اليه زيادات ذات شأن.
=880  \\$6250-02/(3/r$aطبعة 2.
=880  \\$6260-03/(3/r$aبيروت :$bالمطبعة الادبية،$c1900.
=880  1\$6700-04/(3/r$aقزح، كمال.
=998  \\$a12/17/90$s9118$nNjP$wNJPG86B31148$d07/29/86$cKVV$bKVV$i901217$lNJPG
=911  \\$a19921028
=912  \\$a19990813041141.0
=994  \\$aC0$bPUL
=999  \\$a319501
=979  \\$a(OCoLC)ocn175715177
=852  00$0349455$brcppa$t1$hKKX15$i.K39 1900$xtr fr arab
=959  \\$a2000-06-13 00:00:00 -0400

