=LDR  01064cam a22003011a 4500
=001  3203262
=003  NjP
=005  20000703133012.0
=008  921019s1961\\\\iq\cf\\\\\\\\f000\0\ara\d
=024  7\$aprinceton_aco004599$2local
=010  \\$a   62000842 
=035  \\$a(MH)MHBEA91617HU
=035  \\$a(OCoLC)26811904
=035  \\$a(CStRLIN)MAHGBEA91617-B
=035  \\$a58089
=040  \\$aCSt$cCSt$dMH$dCStRLIN$dNjP
=110  1\$aIraq.$bMinistry of Education.$bDirector of Public and School Libraries.
=245  13$aal-Khadamāt al-maktabīyah fī al-Jumhūrīyah al-ʻIrāqīyah /$ciʻdād Nihād ʻAbd al-Majīd al-Nāṣirī.
=246  31$aLibrary services in the Republic of Iraq
=250  \\$aal-Ṭabʻah 1.
=260  \\$aBaghdad :$bal-Jumhūrīyah al-ʻIrāqīyah, Wizārat al-Maʻārif,$c1961.
=300  \\$a56 p. :$bill. ;$c24 cm.
=500  \\$aCover title.
=700  1\$aNāṣirī, Nuhād ʻAbd al-Majīd.
=901  \\$ax
=902  \\$ajab/con
=852  8\$06424457$brcppa$h2272.7019.352$xtr fr f
=959  \\$a2011-03-02 16:30:10 -0500

