=LDR  01815cam a2200421 a 4500
=001  338312
=003  NjP
=005  20170619131042.0
=008  861030s1948\\\\ua\\\\\\\\\\\\000\0\arard
=024  7\$aprinceton_aco003044$2local
=035  \\$a(OCoLC)ocn175873517
=035  \\$a(OCoLC)122869272
=040  \\$aNjP$cPUL$dPUL
=066  \\$c(3
=035  \\$a(OCoLC)175873517
=035  \\$a(CStRLIN)NJPG86-B48603
=035  \\$9ABR3652TS
=035  \\$a(NjP)338312
=079  \\$aocn122869272
=049  \\$aPULL
=100  1\$6880-01$aMaghribī, Muḥammad al-ʻArabī ibn al-Tabbānī.
=245  10$6880-02$aTanbīh al-bāḥith al-sirrī ilá mā fī rasāʼil wa-taʻlīq al-Kawtharī /$ctaʼlīf Muḥammad al-ʻArabī ibn al-Tabbānī ibn al-Ḥusayn al-Maghribī.
=250  \\$6880-03$aal-Ṭabʻah 1.
=260  \\$aMiṣr :$bSharikat Maktabat wa-Maṭbaʻat Muṣṭafá al-Bābī al-Ḥalabī wa-Awlādih,$c1948.
=300  \\$a203 p. ;$c23 cm.
=650  \0$aSufism.$0http://id.loc.gov/authorities/subjects/sh85129660
=880  1\$6100-01/(3/r$aمغربي، محمد العربي بن التباني.
=880  10$6245-02/(3/r$aتنبيه الباحث السري الى ما في رسائل وتعليق الكوثري /$cتأليف محمد العربي بن التباني بن الحسين المغربي.
=880  \\$6250-03/(3/r$aالطبعة 1.
=880  \\$6260-00/(3/r$aمصر :$bشركة مكتبة ومطبعة مصطفى البابي الحلبي واولاده،$c1948.
=998  \\$a10/30/86$s9124$nNjP$wNJPG86B48603$d10/30/86$cSSH$bJCB$i861030$lNJPG
=948  \\$aCON PC2
=911  \\$a19921028
=912  \\$a19900827000000.0
=994  \\$aC0$bPUL
=999  \\$a338312
=852  00$0369778$brcppa$t1$hBP189.2$i.xM3$xtr fr arab
=959  \\$a2005-10-27 10:04:59 -0500

