=LDR  01733cam a2200397 a 4500
=001  340628
=003  NjP
=005  20190705140245.0
=008  861111s1946\\\\ua\ac\\\\\\\\\000\0\arard
=024  7\$aprinceton_aco003743$2local
=040  \\$aNjP$cPUL$dPUL
=035  \\$a(CStRLIN)NJPG86-B50706
=035  \\$9ABR5972TS
=035  \\$a(NjP)340628
=041  1\$aara$htur
=043  \\$aaw-----
=049  \\$aPULL
=035  \\$a(OCoLC)ocm80340580
=100  0\$6880-01$aAḥmed Tevḥīd.
=245  13$6880-02$aal-Islām bi-khayr /$cwaḍaʻahu bi-al-lughah al-Turkīyah Aḥmad Tawḥīd ibn Sayr al-Dīn ibn ʻAbd al-ʻAzīz Khān ... wa-turjima ilá al-ʻArabīyah ʻām 1375 H-1947 M.
=260  \\$6880-03$a[Cairo] :$bMaṭbaʻat wa-Warshat Tajlīd al-Anwār,$c1946.
=300  \\$a214 p. :$bill., ports. ;$c29 cm.
=651  \0$aMiddle East$xPolitics and government$y1914-1945.$0http://id.loc.gov/authorities/subjects/sh85090512
=650  \0$aIslam$y20th century.$0http://id.loc.gov/authorities/subjects/sh85068392
=880  0\$6100-01/r$aاحمد توحيد .
=880  12$6245-02/r$aالاسلام بخير /$cوضعه باللغة التركية احمد توحيد بن سير الدين بن عبد العزيز خان ... وترجم الى العربية عام 1375 ه-1947 م.
=880  \\$6260-03/r$a[القاهرة] :$bمطبعة وورشة تجليد الانوار،$c1946.
=998  \\$a10/02/87$s9124$nNjP$wNJPG86B50706$d11/11/86$cSSH$bWZ$i871002$lNJPG
=948  \\$aCON PC2
=911  \\$a19921028
=912  \\$a19900827000000.0
=994  \\$aC0$bPUL
=999  \\$a340628
=979  \\$a(OCoLC)ocn175890520
=852  00$0372208$brcppa$t1$hDS63$i.xA45$xtr fr arab
=959  \\$a2000-06-13 00:00:00 -0400

