=LDR  01364cam a2200361 a 4500
=001  3412257
=003  NjP
=005  20190705150229.0
=008  010822s1954\\\\iq\ab\\\\\\\\\000\0cara\d
=024  7\$aprinceton_aco003980$2local
=040  \\$aNjP$cPUL$dPUL
=035  \\$a(NjP)3412257
=041  0\$aara$beng
=043  \\$aa-iq---
=049  \\$aPULL
=035  \\$a(OCoLC)ocm54744143
=100  1\$6880-01$aḤanafī, Jalāl.
=245  10$6880-02$aBaghāyā yatakallamna /$c[by Jalal Al Hanafi].
=246  15$aUnfortunate dwellers of the brothel tell their stories
=260  \\$6880-03$a[Baghdad?] :$bJamʻīyat al-Khidmāt al-Dīnīyah wa-al-Ijtimāʻīyah fī al-ʻIrāq,$c1954.
=300  \\$a14, 2 p. :$bill., map ;$c22 cm.
=546  \\$aIn Arabic, introd. also in English.
=650  \0$aProstitutes$zIraq$zBaghdad$vCase studies.
=880  1\$6100-01/r$aحنفي، جلال.
=880  10$6245-02/r$aبغايا يتكلمن /$c[بي جلل ال هنف].
=880  \\$6260-03/r$a[بغداد؟] :$bجمعية الخدمات الدينية والاجتماعية في العراق،$c1954.
=902  \\$ajeb$bo$6a$7m$dv$f1$e20020530
=904  \\$amsw$bo$hn$cb$e20010822
=994  \\$aC0$bPUL
=999  \\$a3412257
=979  \\$a(OCoLC)ocn178922196
=852  0\$03740076$brcppa$hHQ232.55.A5$iB332 1954$xtr fr anxa
=959  \\$a2002-01-10 14:45:51 -0400

