=LDR  01432cam a2200373 a 4500
=001  345076
=003  NjP
=005  20190705140259.0
=008  861205s1953\\\\ua\bf\\\\\\\\\000\0\arard
=024  7\$aprinceton_aco003774$2local
=040  \\$aNjP$cPUL$dPUL
=035  \\$a(CStRLIN)NJPG86-B54810
=035  \\$9ABS0436TS
=035  \\$a(NjP)345076
=043  \\$aa------$af------
=049  \\$aPULL
=035  \\$a(OCoLC)ocm78357346
=100  1\$6880-01$aAḥmad, Muḥammad Ḥabīb.
=245  10$6880-02$aNahḍat al-shuʻūb al-Islāmīyah fī al-ʻaṣr al-ḥadīth /$cMuḥammad Ḥabīb Aḥmad.
=260  \\$6880-03$a[Cairo] :$bDār al-Nīl,$c1952/1953 [i.e. 1953]
=300  \\$a428 p., [8] p. of plates :$bmaps ;$c22 cm.
=651  \0$aIslamic countries$xHistory.$0http://id.loc.gov/authorities/subjects/sh2008104955
=880  1\$6100-01/r$aاحمد، محمد حبيب.
=880  10$6245-02/r$aنهضة الشعوب الاسلامية في العصر الحديث /$cمحمد حبيب احمد.
=880  \\$6260-03/r$a[القاهرة] :$bدار النيل،$c1952/1953 [ا.. 1953]
=998  \\$a12/05/86$s9124$nNjP$wNJPG86B54810$d12/05/86$cSSH$bJCB$i861205$lNJPG
=948  \\$aCON PC2
=911  \\$a19921028
=912  \\$a19900827000000.0
=994  \\$aC0$bPUL
=999  \\$a345076
=979  \\$a(OCoLC)ocn175927306
=852  00$0377016$brcppa$t1$hDS36.8$i.xA35$xtr fr arab
=959  \\$a2005-11-02 13:03:11 -0400

