=LDR  02046cam a2200409 a 4500
=001  347779
=003  NjP
=005  20190705140307.0
=008  860218s1983\\\\ir\af\\\\\\\\f000\0\arard
=024  7\$aprinceton_aco004216$2local
=010  \\$a   85140778 
=040  \\$aPUL$cPUL$dPUL
=035  \\$a(CStRLIN)NJPG86-B5727
=035  \\$9ABS3142TS
=035  \\$a(NjP)347779
=043  \\$aa-iq---$aa-ir---
=050  0\$aDS318.8$b.H36 1983
=049  \\$aPULL
=035  \\$a(OCoLC)ocm12314631
=245  03$6880-01$aal-Ḥarb al-ʻIrāqīyah al-mafrūḍah ʻalá Jumhūrīyat Īrān al-Islāmīyah :$bdirāsah wa-taḥlīl /$c[iʻdād Wizārat al-Khārijīyah fī Jumhūrīyat Īrān al-Islāmīyah ; tarjamat, Wizārat al-Irshād al-Islāmī].
=250  \\$6880-02$aal-Ṭabʻah 1.
=260  \\$6880-03$aṬihrān :$bWizārat al-Irshād al-Islāmī,$c1404 [1983 or 1984]
=300  \\$a227 p., [3] folded leaves of plates :$bill. (some col.) ;$c24 cm.
=650  \0$aIran-Iraq War, 1980-1988.$0http://id.loc.gov/authorities/subjects/sh85067954
=710  1\$aIran.$bVizārat-i Umūr-i Khārijah.$0http://id.loc.gov/authorities/names/n83023139
=710  1\$aIran.$bVizārat-i Irshād-i Islāmī.$0http://id.loc.gov/authorities/names/n83022351
=880  02$6245-01/r$aالحرب العراقية المفروضة على جمهورية ايران الاسلامية :$bدراسة وتحليل /$c[اعداد وزارة الخارجية في جمهورية ايران الاسلامية ؛ ترجمة، وزارة الارشاد الاسلامي].
=880  \\$6250-02/r$aالطبعة 1.
=880  \\$6260-03/r$aطهران :$bوزارة الارشاد الاسلامي،$c1404 [1983 or 1984]
=998  \\$a06/28/90$s9110$nNjP$wDCLC85140778B$d02/18/86$cMWG$bRSR$i900628$lNJPG
=911  \\$a19921028
=912  \\$a19910104000000.0
=994  \\$aC0$bPUL
=999  \\$a347779
=979  \\$a(OCoLC)ocn175950211
=852  00$0379954$brcppa$t1$hDS318.8$i.H36 1983$xtr fr arab
=959  \\$a2000-06-13 00:00:00 -0500

