=LDR  01587cam a2200397 a 4500
=001  362719
=003  NjP
=005  20150205105459.0
=008  870109s1921\\\\ua\c\\\\\\\\\\000\1\arard
=024  7\$aprinceton_aco002799$2local
=035  \\$a(OCoLC)ocn175358535
=035  \\$a(OCoLC)80493391
=035  \\$a(OCoLC)175358535
=035  \\$a(CStRLIN)NJPG87-B1257
=035  \\$9ABT8133TS
=035  \\$a(NjP)362719
=040  \\$aNjP$cPUL$dPUL
=049  \\$aPULL
=079  \\$aocm80493391
=100  1\$6880-01$aManṣūr, ʻAbd al-Raḥmān.
=245  10$6880-02$aRiwāyat Ūsah Hānim :$briwāyah tamthīlīyah adabīyah tumaththilu ḥālat al-bint fī al-madrasah /$cbi-qalam ʻAbd al-Raḥmān Manṣūr.
=260  \\$6880-03$aṬanṭā :$bMaṭbaʻat Jarīdat al-Kamāl,$c[1921?]
=300  \\$a56 p. :$bport. ;$c21 cm.
=880  1\$6100-01/r$aمنصور، عبد الرحمن.
=880  10$6245-02/r$aرواية اوسة هانم :$bرواية تمثيلية ادبية تمثل حالة البنت في المدرسة /$cبقلم عبد الرحمن منصور.
=880  \\$6260-03/r$aطنطا :$bمطبعة جريدة الكمال،$c[1921؟]
=856  4\$uhttp://hdl.handle.net/2027/njp.32101074279306
=998  \\$a01/09/87$s9124$nNjP$wNJPG87B1257$d01/09/87$cSSH$bJCB$i870109$lNJPG
=948  \\$aCON PC2
=911  \\$a19921028
=912  \\$a19900827000000.0
=994  \\$aC0$bPUL
=999  \\$a362719
=852  00$0396361$brcppa$t1$hPJ7846.A54885$iR5 1921$xtr fr arab
=852  8\$08679421$belf1$hElectronic Resource
=959  \\$a2000-06-08 00:00:00 -0500

