=LDR  01218cam a2200349 a 4500
=001  366422
=003  NjP
=005  20190705140343.0
=008  870408s1953\\\\iq\b\\\\\\\\\\000\0\ara\d
=024  7\$aprinceton_aco004024$2local
=035  \\$a366422
=040  \\$aNjP$cPUL$dPUL
=035  \\$a(CStRLIN)NJPG87-B16035
=035  \\$9ABU1844TS
=035  \\$a(NjP)366422
=043  \\$aa-iq---
=049  \\$aPULL
=035  \\$a(OCoLC)ocm82448512
=100  1\$6880-01$aSūsah, Aḥmad.
=245  10$6880-02$aAṭlas al-ʻIrāq al-ḥadīth /$cli-wāḍiʻuhu al-duktūr Aḥmad Sūsah.
=260  \\$6880-03$a[Baghdad? :$bs.n.],$c1953.
=300  \\$a25 p. :$bmaps. ;$c34 cm.
=651  \0$aIraq$xMaps.$0http://id.loc.gov/authorities/subjects/sh2008115495
=880  1\$6100-01/r$aسوسة، احمد.
=880  10$6245-02/r$aاطلس العراق الحديث /$cلواضعه الدكتور احمد سوسة.
=880  \\$6260-03/r$a[بغداد؟ :$bs.n.]،$c1953.
=998  \\$a04/15/87$s9114$nNjP$wNJPG87B16035$d04/08/87$cDGH$bMT$i870415$lNJPG
=994  \\$aC0$bPUL
=999  \\$a366422
=979  \\$a(OCoLC)ocn175378974
=852  00$0400349$bnec$t1$cOversize$hG2250$i.S87 1953q
=959  \\$a2000-06-13 00:00:00 -0400

