=LDR  01379cam a2200349   4500
=001  381997
=003  NjP
=005  20171012075437.0
=008  870120m19599999iq\ac\\\\\\\\f00010\arar\
=024  7\$aprinceton_aco003712$2local
=010  \\$ane 67001733 
=035  \\$a(OCoLC)82908656
=035  \\$a(CStRLIN)NJPG87-B3055
=035  \\$9ABV7452TS
=040  \\$aNjP$dNjP
=043  \\$aa-iq---
=110  1\$aIraq.$0http://id.loc.gov/authorities/names/n79077342
=240  10$aTreaties, etc.
=245  00$aNuṣūs al-ittifāqīyāt al-tijārīyah wa-al-iqtiṣādīyah al-maʻqūdah bayna al-Jumhūrīyah al-ʻIrāqīyah wa-al-duwal al-ukhrá wa-al-wathāʾiq wa-al-kutub al-mutabādalah al-mulḥaqah bi-hā.
=260  \\$aBaghdād,$bWizārat al-Iqtiṣād,$c[1959?]-
=300  \\$av. in$billus., ports.$c25 cm.
=651  \0$aIraq$xCommercial treaties.
=650  \0$aTreaties$xCollections.$0http://id.loc.gov/authorities/subjects/sh85137209
=710  1\$aIraq.$bWizārat al-Iqtiṣād.
=740  0\$aNuṣūṣ al-ittifāqīyāt al-tijārīyah.
=998  \\$a12/21/87$s9124$nNjP$wNJPG87B3055$d01/20/87$cJCB$bCS$i871221$lNJPG
=911  \\$a19921028
=912  \\$a19900827000000.0
=852  81$0417034$brcppa$t1$hKPA$i.I726 1959$xtr fr arab
=866  \0$0417034$80$ajuzʾ 1-3
=866  \0$0417034$80$xADD AS: juzʾ
=959  \\$a2000-06-13 00:00:00 -0400

