=LDR  02903cam a2200469 a 4500
=001  3872866
=003  NjP
=005  20190705144336.0
=008  980928m18731876ti\\\\\\\\\\\\000\0\ara\d
=024  7\$aprinceton_aco004642$2local
=040  \\$aMH$cPUL$dPUL
=035  \\$a(CStRLIN)EGAG98-B3901
=035  \\$a(NjP)3872866
=090  \\$aPJ6101.U83$bM35 1873
=049  \\$aPULL
=035  \\$a(OCoLC)ocm60506117
=100  1\$6880-01$aTūnisī, Muḥammad ibn ʻAlī,$dd. 1717 or 18.
=245  13$6880-02$aal-Ḥāshīyah al-mawsūmah bi-ẓawāhir [i.e. bi-zawāhir] al-kawākib li-bawāhir al- mawākib ʻalá sharḥ Nūr al-Dīn Abī al-Ḥasan ʻAlī ibn Muḥammad al-Ushmūnī al-Shāfiʻī al-muʻanwan Manhaj al-sālik ilá alfīyat Ibn Mālik /$ctaʼlīf Abī ʻAbd Allāh Muḥammad ibn ʻAlī ibn Saʻīd al-Tūnisī al- Mālikī.
=246  3\$6880-03$aZawāhir al-kawākib li-bawāhir al-mawākib
=250  \\$6880-04$aal-Ṭabʻah 1.
=260  \\$6880-05$a[Tunis] :$bMaṭbaʻat al-Dawlah al-Tūnisīyah al-Maḥrūsah,$c1290-1293 [1873-1876]
=300  \\$a2 v. ;$c31 cm.
=600  10$6880-06$aUshmūnī, ʻAlī ibn Muḥammad,$d1435-1494 or 1495.$tManhaj al-Sālik ilá Alfīyat ibn Mālik.
=650  \0$aArabic language$xGrammar.$0http://id.loc.gov/authorities/subjects/sh86000279
=700  12$6880-07$aUshmūnī, ʻAlī ibn Muḥammad,$d1435-1494 or 1495.$tManhaj al-Sālik ilá Alfīyat ibn Mālik.$0http://id.loc.gov/authorities/names/n85091886
=856  4\$uhttp://catalog.hathitrust.org/Record/008896378
=880  1\$6100-01/r$aتونسي، محمد بن علي،$dd. 1717 or 18.
=880  12$6245-02/r$aالحاشية الموسومة بظواهر [اي.. بزواهر] الكواكب لبواهر المواكب على شرح نور الدين ابي الحسن علي بن محمد الاشموني الشافعي المعنون منهج السالك الى الفية ابن مالك /$cتأليف ابي عبد الله محمد بن علي بن سعيد التونسي المالكي.
=880  3\$6246-03/r$aزواهر الكواكب لبواهر المواكب
=880  \\$6250-04/r$aالطبعة 1.
=880  \\$6260-05/r$a[تونس] :$bمطبعة الدولة التونسية المحروسة،$c1290-1293 [1873-1876]
=880  14$6600-06/r$aاشموني، علي بن محمد،$d1435-1494 or 1495.$tمنهج السالك الى الفية بن مالك.
=880  12$6700-07/r$aاشموني، علي بن محمد،$d1435-1494 or 1495.$tمنهج السالك الى الفية بن مالك.
=904  \\$amv$bm$hm$ct$e20030407
=998  \\$s9555
=994  \\$aC0$bPUL
=999  \\$a3872866
=979  \\$a(OCoLC)ocn178653717
=852  8\$04173310$brcppa$h2272.66548.955$xtr fr f
=866  \0$04173310$ajuz 1-2
=852  8\$08777364$belf1$hElectronic Resource
=959  \\$a2003-04-07 10:56:13 -0500

