=LDR  01684cam a2200409 a 4500
=001  391934
=003  NjP
=005  20190705140450.0
=008  870818s1960\\\\sj\\\\\\\b\\\\000\0\ara\d
=024  7\$aprinceton_aco003903$2local
=040  \\$aNjP$cPUL$dPUL
=035  \\$a(CStRLIN)NJPG87-B39731
=035  \\$9ABW7411TS
=035  \\$a(NjP)391934
=043  \\$af-sj---
=049  \\$aPULL
=035  \\$a(OCoLC)ocm22316917
=100  1\$6880-01$aḤamzah, Saʻd Māhir.
=245  10$6880-02$aBank al-Sūdān al-Markazī fī al-iqtiṣād al-qawmī :$bmaʻa al-ihtimām bi-al-siyāsah al-maṣrafīyah fī al-bilād ḥadīthat al-numūw /$cSaʻd Māhir Ḥamzah.
=260  \\$6880-03$aal-Kharṭūm :$bS.M. Ḥamzah,$c1960.
=300  \\$a198 p. ;$c20 cm.
=504  \\$aBibliography: p. 190-195.
=610  20$6880-04$aBank al-Sūdān.$0http://id.loc.gov/authorities/names/n50077767
=650  \0$aMonetary policy$zSudan.
=650  \0$aBanks and banking$zSudan.
=880  1\$6100-01/r$aحمزة، سعد ماهر.
=880  10$6245-02/r$aبنك السودان المركزي في الاقتصاد القومي :$bمع الاهتمام بالسياسة المصرفية في البلاد حديثة النمو /$cسعد ماهر حمزة.
=880  \\$6260-03/r$aالخرطوم :$bس.م. حمزة،$c1960.
=880  20$6610-04/r$aبنك السودان.
=998  \\$a02/03/89$s9118$nNjP$wNJPG87B39731$d08/18/87$cDGH$bDGH$i890203$lNJPG
=911  \\$a19921028
=912  \\$a19900508000000.0
=994  \\$aC0$bPUL
=999  \\$a391934
=979  \\$a(OCoLC)ocn175578218
=852  00$0427612$brcppa$t1$hHG3387.A7$iH35$xtr fr arab
=959  \\$a2000-06-13 00:00:00 -0400

