=LDR  01453cam a2200361 a 4500
=001  3920997
=003  NjP
=005  20180313173631.0
=008  030626s1984\\\\ir\\\\\\\\\\\\000\0\ara\d
=024  7\$aprinceton_aco003241$2local
=035  \\$a(OCoLC)ocn178872434
=040  \\$aNjP$cPUL$dPUL
=035  \\$a(OCoLC)178872434
=035  \\$a(NjP)3920997
=079  \\$aocm61668246
=049  \\$aPULL
=100  1\$6880-01$aṢābirī Hamadānī, Aḥmad.
=245  10$6880-02$aAdab al-Ḥusayn wa-ḥamāsatuhu /$ctaʼlīf Aḥmad al-Ṣābirī al-Hamadānī.
=260  \\$6880-03$aQum :$bMuʼassasat al-Nashr al-Islāmī,$c[1404] [1984]
=300  \\$a231 p. ;$c23 cm.
=504  \\$aIncludes bibliographical references.
=600  00$6880-04$aḤusayn ibn ʻAlī,$d-680$0http://id.loc.gov/authorities/names/n79142777
=650  \0$aArabic poetry.$0http://id.loc.gov/authorities/subjects/sh85006333
=880  1\$6100-01/r$aصابري همداني، احمد.
=880  10$6245-02/r$aادب الحسين وحماسته /$cتأليف احمد الصابري الهمداني.
=880  \\$6260-03/r$aقم :$bمؤسسة النشر الاسلامي،$c[1404] [1984]
=880  00$6600-04/r$aحسين بن علي،$dd. 680.
=902  \\$ajab$bo$6a$7m$dv$f1$e20050215
=904  \\$amnc$ba$hn$cb$e20030626
=994  \\$aC0$bPUL
=999  \\$a3920997
=852  0\$04216707$brcppa$hBP193.13.A3$iS33 1984$xtr fr arab
=959  \\$a2003-06-26 14:27:12 -0400

