=LDR  01028cam a2200277ua 4500
=001  392601
=003  NjP
=005  20171012080300.0
=008  870821q18501899ua\\\\\\\\\\\\00000\ara\d
=024  7\$aprinceton_aco004676$2local
=035  \\$a(OCoLC)71509270
=035  \\$a(CStRLIN)NJPG87-B40339
=035  \\$9ABW8078TS
=040  \\$aNjP$cNjP
=100  0\$aShihāb al-Dīn Muḥammad ibn Ismāʻīl,$d1795 or 1796-1857 or 1858.$0http://id.loc.gov/authorities/names/n82119706
=245  10$aSafīnat al-mulk wa-nafīsat al-fulk /$ctaʾlīf Muḥammad ibn Ismaʾīl ibn ʻUmar Shihāb al-Dīn.
=260  \\$a[S.l :$bs.n ;$c18--?]
=300  \\$a496 p.$c24 cm.
=650  \0$aMuwashshaḥ.
=856  4\$uhttp://hdl.handle.net/2027/njp.32101076390200
=998  \\$a08/21/87$s9114$nNjP$wNJPG87B40339$d08/21/87$cDGH$bCS$i870821$lNJPG
=911  \\$a19921028
=912  \\$a19900828000000.0
=852  80$0428326$brcppa$t1$h2274.8769.379 1800z$xtr fr f
=852  8\$08679588$belf1$hElectronic Resource
=959  \\$a2000-06-08 00:00:00 -0500

