=LDR  03137cam a2200613 a 4500
=001  393161
=003  NjP
=005  20170605130405.0
=008  870824m19849999ir\\\\\\\b\\\\000\0\ara\d
=024  7\$aprinceton_aco003593$2local
=035  \\$a(OCoLC)84588188
=035  \\$a(OCoLC)ocn175588219
=035  \\$a(OCoLC)175588219
=035  \\$a(CStRLIN)NJPG87-B40854
=035  \\$9ABW8641TS
=035  \\$a(NjP)393161
=040  \\$aNjP$cPUL$dPUL
=049  \\$aPULL
=079  \\$aocm84588188
=100  1\$6880-01$aMuḥaqqiq al-Dāmād, Muḥammad,$d-1969.$0http://id.loc.gov/authorities/names/nr89015917
=240  10$6880-02$aṢalāh
=245  10$6880-03$aKitāb al-ṣalāh :$btaqrīr abḥāth al-faqīh al-mudaqqiq Āyat Allāh al-ʻuẓmá al-Ḥajj al-Sayyid Muḥammad al-Muḥaqqiq al-Dāmād /$ctaʼlīf Muḥammad Muʼmin al-Qummī.
=260  \\$6880-04$aQum :$bMuʼassasat al-Nashr al-Islāmī,$c1405 [1984 or 1985]-
=300  \\$av. ;$c25 cm.
=500  \\$aA commentary by Muḥammad Muḥaqqiq al-Dāmād on the ʻUrwah al-wuthqá of Muḥammad Kāẓim al-Ṭabāṭabāʼī al-Yazdī.
=504  \\$aIncludes bibliographical references.
=500  \\$6880-05$aVol. 2- edited by ʻAbd Allāh Javādī Āmulī.
=500  \\$aVol. 1: "395"-f v. 1.
=600  10$6880-06$aṬabāṭabāʼī al-Yazdī, Muḥammad Kāẓim,$d-1919.$tʻUrwah al-wuthqá.
=650  \0$aIslamic law.$0http://id.loc.gov/authorities/subjects/sh85068454
=650  \0$aPrayer$xIslam.$0http://id.loc.gov/authorities/subjects/sh85106123
=700  1\$6880-07$aMuʼmin al-Qummī, Muḥammad.
=700  1\$6880-08$aJavādī Āmulī, ʻAbd Allāh.
=700  1\$6880-09$aṬabāṭabāʼī al-Yazdī, Muḥammad Kāẓim,$d-1919.$tʻUrwah al-wuthqá.$0http://id.loc.gov/authorities/names/n86099941
=740  0\$6880-10$aṢalāh
=880  1\$6100-01/r$aمحقق الداماد، محمد،$d-1969.
=880  10$6240-02/r$aصلاه
=880  10$6245-03/r$aكتاب الصلاة :$bتقرير ابحاث الفقيه المدقق آية الله العظمى الحج السيد محمد المحقق الداماد /$cتأليف محمد مؤمن القمي.
=880  \\$6260-04/r$aقم :$bمؤسسة النشر الاسلامي،$c1405 [1984 or 1985]
=880  \\$6500-05/r$aVol. 2- edited by عبد الله جڤادي آملي.
=880  14$6600-06/r$aطباطبائي اليزدي، محمد كاظم،$d-1919.$tعروة الوثقى.
=880  1\$6700-07/r$aمؤمن القمي، محمد.
=880  1\$6700-08/r$aجڤادي آملي، عبد الله.
=880  1\$6700-09/r$aطباطبائي اليزدي، محمد كاظم،$d-1919.$tعروة الوثقى.
=880  0\$6740-10/r$aصلاه
=998  \\$a01/22/90$s9118$nNjP$wNJPG87B40854$d08/24/87$cKVV$bCS$i900122$lNJPG
=911  \\$a19921028
=912  \\$a19910104000000.0
=994  \\$aC0$bPUL
=999  \\$a393161
=852  81$0428919$brcppa$t1$hKBL$i.M832$xtr fr arab
=866  \0$0428919$80$ajuzʾ 1-4 (published in 1994 or 1995)
=866  \0$0428919$80$xADD AS: juzʾ
=959  \\$a2000-06-13 00:00:00 -0400

