=LDR  01297cam a2200301 a 4500
=001  393443
=003  NjP
=005  20171012080334.0
=008  870825s1985\\\\ir\\\\\\\\\\\\00010\ara\d
=024  7\$aprinceton_aco004675$2local
=035  \\$a(OCoLC)54269635
=035  \\$a(CStRLIN)NJPG87-B41112
=035  \\$9ABW8924TS
=040  \\$aNjP$cNjP
=100  1\$aḤusaynī, Ṣādiq Mahdī.
=245  10$aSharḥ Tabṣirat al-mutaʻallimīn fī aḥkām al-dīn lil-ʻallāmah al-Ḥasan ibn Yūsuf ibn ʻAlī ibn Muṭahhar al-Ḥillī /$cṢādiq al-Shīrāzī.
=260  \\$aQum :$bDār al-Īmān,$c1406 [1985 or 1986]
=300  \\$a2 v. ;$c25 cm.
=500  \\$aVol. 2: 2nd ed.
=600  20$aIbn al-Muṭahhar al-Ḥillī, al-Ḥasan ibn Yūsuf,$d1250-1325.$tTabṣirat al-mutaʻallimīn fī aḥkām al-dīn.
=650  \0$aIslamic law$xInterpretation and construction$xEarly works to 1800.$0http://id.loc.gov/authorities/subjects/sh2008104962
=650  \0$aShiites.$0http://id.loc.gov/authorities/subjects/sh85121432
=998  \\$a12/21/88$s9114$nNjP$wNJPG87B41112$d08/25/87$cJCB$bGWA$i881221$lNJPG
=911  \\$a19921028
=912  \\$a19980427033006.0
=852  80$0429218$brcppa$t1$h2271.409367.746$xtr fr f
=866  00$0429218$ajuz'1-2
=959  \\$a2000-06-13 00:00:00 -0500

