=LDR  01439cam a2200385 a 4500
=001  395048
=003  NjP
=005  20190705140502.0
=008  870902s1914\\\\le\\\\\\\\\\\\000\0\araod
=024  7\$aprinceton_aco003785$2local
=040  \\$aMiU$cPUL$dPUL
=035  \\$a(CStRLIN)NJPG87-B42573
=035  \\$9ABX0534TS
=035  \\$a(NjP)395048
=043  \\$ama-----
=049  \\$aPULL
=035  \\$a(OCoLC)ocm23521062
=100  1\$6880-01$aLaḥḥūd, Adīb.
=245  10$6880-02$aNayl al-arab fī tārīkh al-ʻArab /$cta'līf Adīb Laḥḥūd.
=260  \\$6880-03$a[s.l.] :$bA. Laḥhūd,$c1914.
=300  \\$a334 p. ;$c19 cm.
=650  \0$aArabic literature$xHistory and criticism.$0http://id.loc.gov/authorities/subjects/sh2007101215
=650  \0$aArabs$xHistory.$0http://id.loc.gov/authorities/subjects/sh85006351
=651  \0$aArab countries$xHistory.$0http://id.loc.gov/authorities/subjects/sh85006279
=880  1\$6100-01/r$aلحود، اديب.
=880  10$6245-02/r$aنيل الارب في تاريخ العرب /$cتأليف اديب لحود.
=880  \\$6260-03/r$a[S.l.] :$bا. لحود،$c1914.
=998  \\$a09/02/87$s9114$nNjP$wNJPG87B42573$d09/02/87$cDGH$bLDP$i870902$lNJPG
=911  \\$a19921028
=912  \\$a19900828000000.0
=994  \\$aC0$bPUL
=999  \\$a395048
=979  \\$a(OCoLC)ocn175603162
=852  00$0430912$brcppa$t1$hDS62$i.L33$xtr fr arab
=959  \\$a2000-06-13 00:00:00 -0400

