=LDR  02198cam a2200445 a 4500
=001  397352
=003  NjP
=005  20170605125941.0
=008  870915s1951\\\\ir\\\\\\\\\\\\000\0\ara\d
=024  7\$aprinceton_aco003518$2local
=035  \\$a(OCoLC)ocn175621379
=040  \\$aNjP$cPUL$dPUL
=035  \\$a(OCoLC)175621379
=035  \\$a(CStRLIN)NJPG87-B44692
=035  \\$9ABX2845TS
=035  \\$a(NjP)397352
=079  \\$aocm84013188
=049  \\$aPULL
=100  1\$6880-01$aArākī, Maḥmūd ʻArab.
=240  10$6880-02$aTaqrīrāt al-musammá bi-al-Ghawālī al-laʼālī fī furūʻ al-ʻilm al-ijmālī
=245  10$6880-03$aHādha Kitāb al-taqrīrāt al-musammá bi-al-Ghawālī al-laʼālī fī furūʻ al-ʻilm al-ijmālī /$cli-muqarririhā Maḥmūd ʻArab al-Arākī.
=260  \\$6880-04$aQum :$bChāpkhānah-i Qumm,$c1371 [1951 or 1952]
=300  \\$a184 p. ;$c22 cm.
=500  \\$aCover title.
=650  \0$aIslamic law$xInterpretation and construction.$0http://id.loc.gov/authorities/subjects/sh85068455
=740  0\$6880-05$aTaqrīrāt al-musammá bi-al-Ghawālī al-laʼālī fī furūʻ al-ʻilm al-ijmālī.
=740  0\$6880-06$aGhawālī al-laʼālī fī furūʻ al-ʻilm.
=880  1\$6100-01/r$aاراكي، محمود عرب.
=880  10$6240-02/r$aتقريرات المسمى بالغوالي اللأالي في فروع العلم الاجمالي
=880  10$6245-03/r$aهاذ كتاب التقريرات المسمى بالغوالي اللأالي في فروع العلم الاجمالي /$cلمقررها محمود عرب الاراكي.
=880  \\$6260-04/r$aقم :$bچاپخانها قم،$c1371 [1951 or 1952]
=880  0\$6740-05/r$aتقريرات المسمى بالغوالي اللأالي في فروع العلم الاجمالي.
=880  0\$6740-06/r$aغوالي اللأالي في فروع العلم.
=998  \\$a08/07/90$s9118$nNjP$wNJPG87B44692$d09/15/87$cJEB$bJEB$i900807$lNJPG
=911  \\$a19921028
=912  \\$a19910104000000.0
=994  \\$aC0$bPUL
=999  \\$a397352
=852  80$0433336$brcppa$t1$hKBL$i.A724$xtr fr arab
=959  \\$a2000-06-13 00:00:00 -0400

