=LDR  01482cam a2200373 a 4500
=001  398197
=003  NjP
=005  20170518131152.0
=008  870918s1985\\\\ir\\\\\\\b\\\\000\0\ara\d
=024  7\$aprinceton_aco003018$2local
=035  \\$a(OCoLC)ocn175628316
=040  \\$aNjP$cPUL$dPUL
=035  \\$a(OCoLC)175628316
=035  \\$a(CStRLIN)NJPG87-B45461
=035  \\$9ABX3691TS
=035  \\$a(NjP)398197
=079  \\$aocm22319273
=049  \\$aPULL
=100  1\$6880-01$aḤusaynī, Muḥammad Riḍā.
=245  10$6880-02$aBuḥūth wa-taḥqīqāt Qurʼānīyah wa-ḥadīthīyah wa-rijālīyah wa-tārīkhīyah wa-turāthīyah /$ctaʼlīf Muḥammad al-Riḍā Ḥusaynī al-Jalālī.
=260  \\$6880-03$a[Qum :$bs.n.,$c1406 i.e. 1985 or 1986]
=300  \\$a1 v. (various pagings) ;$c25 cm.
=504  \\$aIncludes bibliographical references.
=650  \0$aShiʻah.
=880  1\$6100-01/r$aحسيني، محمد رضا.
=880  10$6245-02/r$aبحوث وتحقيقات قرآنية وحديثية ورجالية وتاريخية وتراثية /$cتأليف محمد الرضا حسيني الجلالي.
=880  \\$6260-03/r$a[قم :$bs.n.،$c1406 i.e. 1985 or 1986]
=998  \\$a10/04/89$s9118$nNjP$wNJPG87B45461$d09/18/87$cJAB$bJAB$i891004$lNJPG
=911  \\$a19921028
=912  \\$a19900508000000.0
=994  \\$aC0$bPUL
=999  \\$a398197
=852  00$0434219$brcppa$t1$hBP192$i.H87$xtr fr arab
=959  \\$a2000-06-13 00:00:00 -0500

