=LDR  01476cam a2200325 a 4500
=001  398401
=003  NjP
=005  20171012080714.0
=008  870918m19859999ir\\\\\\\\\\\\00010\ara\d
=024  7\$aprinceton_aco003934$2local
=035  \\$a(OCoLC)22319324
=035  \\$a(CStRLIN)NJPG87-B45649
=035  \\$9ABX3895TS
=040  \\$aNjP$cNjP
=100  1\$aBurūjirdī, Muḥammad Taqī.
=245  10$aNihāyat al-afkār fī mabāḥith al-alfāẓ :$btaqrīr abḥāth al-ʻallāmah al-muḥaqqiq Āyat Allāh al-ʻuẓmá al-shaykh Āghā Ḍiyāʾ al-Dīn al-ʻIrāqī /$ctaʾlīf Muḥammad Taqī al-Burūjirdī al-Najafī.
=260  \\$aQum, Īrān :$bMuʾassasat al-Nashr al-Islami,$c1405- [1984 or 1985]-
=300  \\$av. ;$c24 cm.
=500  \\$aVol. 3, pt. 1- published by Intishārāt-i Islam-i.
=650  \0$aIslamic law$xInterpretation and construction.$0http://id.loc.gov/authorities/subjects/sh85068455
=650  \0$aShīʻah.$0http://id.loc.gov/authorities/subjects/sh85121390
=700  1\$aʻIrāqī, Ḍiyāʾ al-Dīn.
=998  \\$a04/18/89$s9118$nNjP$wNJPG87B45649$d09/18/87$cDGH$bDGH$i890418$lNJPG
=911  \\$a19921028
=912  \\$a19900508000000.0
=852  81$0434435$brcppa$t1$hKBL$i.B878$xtr fr arab
=866  \0$0434435$80$ajuzʾ 1-2; juzʾ 3, qism 1-2
=866  \0$0434435$80$xADD AS: juz, qism
=866  \0$0434435$zjuz' 3, qism 1 is missing, at time of transfer, 6/11/07, wa
=959  \\$a2000-06-13 00:00:00 -0400

