=LDR  01557cam a2200361 a 4500
=001  398541
=003  NjP
=005  20171012080720.0
=008  870921m19819999ir\\\\\\\\\\\\00110\ara\d
=024  7\$aprinceton_aco004838$2local
=035  \\$a(OCoLC)22319410
=035  \\$a(CStRLIN)NJPG87-B45775
=035  \\$9ABX4035TS
=040  \\$aNjP$cNjP
=100  2\$aṢadr al-Dīn Shīrāzī, Muḥammad ibn Ibrāhīm,$d-1641.$0http://id.loc.gov/authorities/names/n81035993
=245  10$aTafsīr al-Qurʼān al-karīm /$ctaʼlīf Muḥammad ibn Ibrāhīm Ṣadr al-Dīn al-Shīrāzī.
=260  \\$a[Qum] :$bBīdār,$c[1981- ]
=300  \\$av. ;$c25 cm.
=500  \\$aVol. 2- edited by Muḥammad Khvājavī.
=500  \\$aVol. 2- have ed. statement: 1st ed.
=500  \\$aPref. dated 1402 [1981]
=505  1\$a[1.] Sūrat al-wāqiʻah wa-al-jumuʻah wa-al-ṭāriq wa-al-aʻlá wa-al-zilzāl -- 2. [without special title] -- 3. Sūrat al-baqarah 34-45 -- 4. Āyat al-kursī -- 5. Sūrat yā-sīn -- 6. Sūrat al-sajdah. Sūrat al-ḥadīd.
=500  \\$aIncludes indexes.
=630  00$aQurʼan$xCommentaries$xEarly works to 1800.
=700  1\$aKhvājavī, Muḥammad.
=998  \\$a07/29/93$s9114$nNjP$wNJPG87B45775$d09/21/87$cJCB$bMS$i930729$lNJPG
=911  \\$a19930805
=912  \\$a19930729000000.0
=852  81$0434582$brcppa$t1$h2273.8283 1981$xtr fr f
=866  \0$0434582$80$ajuzʾ 1-6
=866  \0$0434582$80$xAll vols. bound separately.
=866  \0$0434582$80$xADD AS: juzʾ
=959  \\$a2000-06-13 00:00:00 -0400

