=LDR  01210cam a2200301 a 4500
=001  398749
=003  NjP
=005  20171012080730.0
=008  870921s1985\\\\ir\\\\\\\b\\\\00010\ara\d
=024  7\$aprinceton_aco003218$2local
=035  \\$a(OCoLC)22319467
=035  \\$a(CStRLIN)NJPG87-B45964
=035  \\$9ABX4244TS
=040  \\$aNjP$cNjP
=100  1\$aQubānchī, Ḥasan al-Sayyid ʻAlī.
=245  10$aSharḥ Risālat al-ḥuqūq lil-Imām ʻAlī ibn al-Ḥusayn Zayn al-ʻĀbidīn /$cḤasan al-Sayyid ʻAlī al-Qubānjī.
=250  \\$aal-Ṭabʻah 2.
=260  \\$aQum, Īrān :$bMuʼassasat Ismāʻīlīyān,$c1406 [1985 or 1986].
=300  \\$a2 v. ;$c25 cm.
=504  \\$aIncludes bibliographical references.
=600  00$aZayn al-ʻĀbidīn ʻAlī ibn al-Ḥusayn,$d-710?$tRisālat al-ḥuqūq.
=650  \0$aIslamic law$xInterpretation and construction.$0http://id.loc.gov/authorities/subjects/sh85068455
=998  \\$a07/09/91$s9118$nNjP$wNJPG87B45964$d09/21/87$cKVV$bKVV$i910709$lNJPG
=911  \\$a19921028
=912  \\$a19910709000000.0
=852  00$0434801$brcppa$t1$hBP193.14.A23$iQ336 1985$xtr fr nec
=866  \0$0434801$ajuz 1-2
=959  \\$a2000-06-13 00:00:00 -0400

