=LDR  01381cam a2200313 a 4500
=001  398758
=003  NjP
=005  20171012080731.0
=008  870921s1982\\\\ir\\\\\\\b\\\\00010\ara\d
=024  7\$aprinceton_aco003508$2local
=035  \\$a(OCoLC)22319512
=035  \\$a(CStRLIN)NJPG87-B45972
=035  \\$9ABX4253TS
=040  \\$aNjP$cNjP
=130  0\$aṢaḥīfah al-kāmilah.$0http://id.loc.gov/authorities/names/n88292008
=245  13$aal-Dalīl ilá mawḍūʻāt al-Ṣaḥīfah al-Sajjādīyah /$c[Muḥammad Ḥusayn Muẓaffar].
=260  \\$aQum :$bJamāʻat al-Mudarrisīn fī al-Ḥawzah al-ʻIlmīyah,$c1403 [1982 or 1983]
=300  \\$a328 p. ;$c25 cm.
=504  \\$aIncludes bibliographical references.
=650  \0$aShīʻah$xCustoms and practices$xEarly works to 1800.
=700  1\$aMuẓaffar, Muḥammad Ḥusayn.
=700  0\$aʻAlī ibn Abī Ṭālib,$cCaliph,$dapproximately 600-661.$0http://id.loc.gov/authorities/names/n50039100
=700  0\$aZayn al-ʻĀbidīn ʻAlī ibn al-Ḥusayn,$d-710?$0http://id.loc.gov/authorities/names/n84007864
=740  0\$aṢaḥīfah al-kāmilah al-Sajjādīyah.
=998  \\$a06/21/91$s9118$nNjP$wNJPG87B45972$d09/21/87$cKVV$bHW$i910621$lNJPG
=911  \\$a19921028
=912  \\$a19990527062507.0
=852  00$0434810$brcppa$t1$hBP194.2$i.S245 1982$xtr fr nec
=959  \\$a2000-06-13 00:00:00 -0400

