=LDR  01938cam a2200457 a 4500
=001  399741
=003  NjP
=005  20171012080810.0
=008  870924s1984\\\\ir\\\\\\\\\\\f000\0dara\d
=024  7\$aprinceton_aco003196$2local
=035  \\$a(OCoLC)ocn175640622
=035  \\$a(OCoLC)175640622
=035  \\$a(CStRLIN)NJPG87-B46868
=035  \\$9ABX5237TS
=035  \\$a(NjP)399741
=040  \\$aNjP$cPUL$dPUL
=049  \\$aPULL
=079  \\$aocm20657293
=100  1\$6880-01$aSharīf al-Raḍī, Muḥammad ibn al-Ḥusayn,$d969 or 970-1016$0http://id.loc.gov/authorities/names/n80001372
=240  10$6880-02$aNahj al-balāghah.$kSelections
=245  13$6880-03$aal-Hādī ilá mawḍūʻāt Nahj al-balāghah /$ctaṣnīf ʻAlī Mashkīnī.
=250  \\$aChāp-i 1.
=260  \\$a[Tehran] :$bIntishārāt-i Chāpkhānah-i Vizārat-i Irshād-i Islāmī, ba hamkāri-i Bunyād-i Nahj al-Balāghah,$c1363 [1984 or 1985]
=300  \\$a620 p. ;$c25 cm.
=500  \\$aText vocalized.
=500  \\$aParts of Nahj al-balāghah, arranged in alphabetical order by subject.
=600  00$aʻAlī ibn Abī Ṭālib,$cCaliph,$dca. 600-661$xHadith.
=700  1\$6880-04$aMashkīnī, ʻAlī.
=730  0\$6880-05$aNahj al-balāghah.$kSelections.
=880  1\$6100-01/r$aشريف الرضي، محمد بن الحسين،$d969 ر 70-1016.
=880  10$6240-02/r$aنهج البلاغة.$kSelections
=880  12$6245-03/r$aالهدي الى موضوعات نهج البلاغة /$cتصنيف علي مشكيني.
=880  1\$6700-04/r$aمشكيني، علي.
=880  0\$6730-05/r$aنهج البلاغة.$kSelections.
=998  \\$a10/26/90$s9118$nNjP$wNJPG87B46868$d09/24/87$cKVV$bMT$i901026$lNJPG
=911  \\$a19921028
=912  \\$a19951024052957.0
=994  \\$aC0$bPUL
=999  \\$a399741
=852  00$0435839$brcppa$t1$hBP193.1.A2$iS537 1984$xtr fr nec
=959  \\$a2000-06-13 00:00:00 -0400

