=LDR  02148cam a2200409 a 4500
=001  401360
=003  NjP
=005  20170605130650.0
=008  871001s1921\\\\ae\\\\\\\\\\\\000\0\ara\d
=024  7\$aprinceton_aco002829$2local
=035  \\$a(OCoLC)79200874
=035  \\$a(OCoLC)ocn175655740
=035  \\$a(OCoLC)175655740
=035  \\$a(CStRLIN)NJPG87-B48349
=035  \\$9ABX6859TS
=035  \\$a(NjP)401360
=040  \\$aNjP$cPUL$dPUL
=049  \\$aPULL
=079  \\$aocm79200874
=100  1\$6880-01$aMaṣūrī, Muḥammad.
=240  10$6880-02$aSawṭ al-afhām wa-al-ifḥām bi-mā fī rawḍ al-amniyah wa-al-amānī min al-ilḥād wa-al-taḥrīf wa-al-awhām
=245  10$6880-03$aKitāb sawṭ al-afhām wa-al-ifḥām bi-mā fī rawḍ al-amniyah wa-al-amānī min al-ilḥād wa-al-taḥrīf wa-al-awhām /$clil-faqīh Muḥammad al-Maṣūrī.
=260  \\$a[Algiers? :$bs.n.],$c1921$e(al-Jazāʼir :$fal-Maṭbaʻah al-Thaʻālibīyah)
=300  \\$a36 p. ;$c23 cm.
=650  \0$aIslam$xEssence, genius, nature.$0http://id.loc.gov/authorities/subjects/sh85068398
=740  0\$6880-04$aSawṭ al-afhām wa-al-ifḥām bi-mā fī rawḍ al-amniyah wa-al-amānī min al-ilḥād wa-al-taḥrīf wa-al-awhām.
=880  1\$6100-01/r$aمصوري، محمد.
=880  10$6240-02/r$aسوط الافهام والافحام بما في روض الامنية والاماني من الالحاد والتحريف والاوهام
=880  10$6245-03/r$aكتاب سوط الافهام والافحام بما في روض الامنية والاماني من الالحاد والتحريف والاوهام /$cللفقيه محمد المصوري.
=880  0\$6740-04/r$aسوط الافهام والافحام بما في روض الامنية والاماني من الالحاد والتحريف والاوهام.
=998  \\$a11/29/90$s9118$nNjP$wNJPG87B48349$d10/01/87$cJEB$bJEB$i901129$lNJPG
=911  \\$a19921028
=912  \\$a19910104000000.0
=994  \\$aC0$bPUL
=999  \\$a401360
=852  00$0437555$brcppa$t1$hBP161$i.M36$xtr fr arab
=959  \\$a2000-06-13 00:00:00 -0500

