=LDR  02120cam a2200469 a 4500
=001  401368
=003  NjP
=005  20170605130605.0
=008  871001s1940\\\\mr\\\\\\\b\\\\000\0\ara\d
=024  7\$aprinceton_aco003451$2local
=035  \\$a(OCoLC)28325934
=035  \\$a(OCoLC)ocn175655820
=035  \\$a(OCoLC)175655820
=035  \\$a(CStRLIN)NJPG87-B48356
=035  \\$9ABX6867TS
=035  \\$a(NjP)401368
=040  \\$aNjP$cPUL$dPUL
=049  \\$aPULL
=079  \\$aocm28325934
=100  1\$6880-01$aRajrājī, Aḥmad al-Sibāʻī,$d1893-$0http://id.loc.gov/authorities/names/nr90024210
=240  10$6880-02$aManār al-sālik ilá madhhab al-Imām Mālik
=245  10$6880-03$aKitāb manār al-sālik ilá madhhab al-Imām Mālik /$cbi-qalam Aḥmad al-Sibāʻī al-shahīr bi-al-Rajrājī.
=250  \\$6880-04$aal-Ṭabʻah 1.
=260  \\$6880-05$aFās :$bAḥmad ibn ʻAbd al-Majīd al-Azraq,$c1940.
=300  \\$a4, 125 p. ;$c24 cm.
=504  \\$aIncludes bibliographical references (p. 116-117).
=650  \0$aIslamic law$xInterpretation and construction.$0http://id.loc.gov/authorities/subjects/sh85068455
=650  \0$aMalikites.$0http://id.loc.gov/authorities/subjects/sh85080157
=740  0\$6880-06$aManār al-sālik ilá madhhab al-Imām Mālik.
=880  1\$6100-01/r$aرجراجي، احمد السباعي،$d1893-
=880  10$6240-02/r$aمنار السالك الى مذهب الامام مالك
=880  10$6245-03/r$aكتاب منار السالك الى مذهب الامام مالك /$cبقلم احمد السباعي الشهير بالرجراجي.
=880  \\$6250-04/r$aالطبعة 1.
=880  \\$6260-05/r$aفاس :$bاحمد بن عبد المجيد الازرق،$c1940.
=880  0\$6740-06/r$aمنار السالك الى مذهب الامام مالك.
=998  \\$a06/14/93$s9118$nNjP$wNJPG87B48356$d10/01/87$cJEB$bDLR$i930614$lNJPG
=911  \\$a19930624
=912  \\$a19930614000000.0
=994  \\$aC0$bPUL
=999  \\$a401368
=852  80$0437563$brcppa$t1$hKBL$i.R347$xtr fr arab
=959  \\$a2000-06-13 00:00:00 -0400

