=LDR  00852cam a2200229 a 4500
=001  4094437
=003  NjP
=005  20180406191429.0
=008  851205s1962\\\\iq\\\\\\\\\\\\000\0barar\
=024  7\$aprinceton_aco003138$2local
=010  \\$a   85236724 
=035  \\$a(OCoLC)ocm13582294
=040  \\$aNjP$cNjP
=100  1\$aBadrī, ʻAbd al-Razzāq Shākir.
=245  10$aSīrat al-imām al-ʻāshir ʻAlī al-Hādī /$ctaʾlīf ʻAbd al-Razzāq Shākir al-Badrī.
=260  \\$aNajaf :$bMaṭbʻat al-Ādāb,$c1962.
=300  \\$a134 p. :bill., ports. ;$c24 cm.
=504  \\$aIncludes bibliographical references.
=600  00$aʻAlī al-Hādī,$d828?-868.$0http://id.loc.gov/authorities/names/n85307245
=902  \\$ajab$br$6a$7m$dv$f0$e20040119
=852  0\$04374879$brcppa$hBP193.2.A3$iB337 1962$xtr fr nec
=959  \\$a2009-06-29 15:14:41 -0400

