=LDR  02782cam a2200529 a 4500
=001  410246
=003  NjP
=005  20190705140550.0
=008  871111q19001989ua\h\\\\\b\\\\001\0\arard
=024  7\$aprinceton_aco004604$2local
=010  \\$a   87960059 
=040  \\$aPUL$cPUL$dPUL
=035  \\$a(CStRLIN)NJPG87-B56559
=035  \\$9ABY5766TS
=035  \\$a(NjP)410246
=050  0\$aPJ6131.M35$bK584 1900z
=049  \\$aPULL
=035  \\$a(OCoLC)ocm18364644
=100  1\$6880-01$aIbn Jinnī, Abū al-Fatḥ ʻUthmān,$d-1002$0http://id.loc.gov/authorities/names/n82162157
=245  13$6880-02$aal-Munṣif /$csharḥ Abī al-Fatḥ ʻUthmān ibn Jinnī al-Naḥwī li-Kitāb al-taṣrīf / li-Abī ʻUthmān al-Māzinī al-Naḥwī al-Baṣrī ; bi-taḥqīq Ibrāhīm Muṣṭafá, ʻAbd Allāh Amīn.
=260  \\$6880-03$a[Cairo], Miṣr :$bMuṣṭafá al-Bābī al-Ḥalabī,$c[19--]
=300  \\$a3 v. :$bfacsims. ;$c24 cm.
=534  \\$aReprint. Originally published: al-Ṭabʻah 1. [Cairo] : Wizārat al-Maʻārif al-ʻUmūmīyah, Idārat Iḥyāʼ al-Turāth al-Qadīm, Idārat al-Thaqāfah al-ʻĀmmah, 1954-1960.
=504  \\$aIncludes bibliographical references and indexes.
=500  \\$aAt head of title, v. 3: Turāthunā.
=600  10$aMāzinī, Bakr ibn Muḥammad,$dactive 9th century.$tKitāb al-taṣrīf.
=650  \0$aArabic language$xMorphology$xEarly works to 1800.
=700  1\$6880-04$aMāzinī, Bakr ibn Muḥammad,$dactive 9th century.$tKitāb al-taṣrīf.$0http://id.loc.gov/authorities/names/n88218143
=700  1\$6880-05$aMuṣṭafá, Ibrāhīm.
=700  1\$6880-06$aAmīn, ʻAbd Allāh.
=740  0\$6880-07$aTurāthunā.
=880  1\$6100-01/r$aابن جني، ابو الفتح عثمان،$dd. 1002.
=880  12$6245-02/r$aالمنصف /$cشرح ابي الفتح عثمان بن جني النحوي لكتاب التصريف / لابي عثمان المازني النحوي البصري ؛ بتحقيق ابراهيم مصطفى، عبد الله امين.
=880  \\$6260-03/r$a[القاهرة]، مصر :$bمصطفى البابي الحلبي،$c[19-]
=880  1\$6700-04/r$aمازني، بكر بن محمد،$dactive 9th century.$tكتاب التصريف.
=880  1\$6700-05/r$aمصطفى، ابراهيم.
=880  1\$6700-06/r$aامين، عبد الله.
=880  0\$6740-07/r$aتراثنا.
=998  \\$a10/06/89$s9110$nNjP$wDCLC87960059B$d11/11/87$cKVV$bKVV$i891006$lNJPG
=911  \\$a19921028
=912  \\$a19900508000000.0
=994  \\$aC0$bPUL
=999  \\$a410246
=979  \\$a(OCoLC)ocn175732179
=852  81$0446902$brcppa$t1$h2272.62695.741 1900z$xtr fr f
=866  \0$0446902$ajuz' 1-3
=959  \\$a2000-06-13 00:00:00 -0500

