=LDR  01401cam a22004331  4500
=001  4148116
=003  NjP
=005  20180412174314.0
=008  850918m19371956iq\a\\\\\b\\\\000\0\ara\d
=024  7\$aprinceton_aco002354$2local
=010  \\$a   58042953 
=035  \\$a(OCoLC)ocn179663852
=035  \\$a(OCoLC)179663852
=035  \\$a(PU)notisAEB3050
=035  \\$a(CaOTULAS)147168137
=035  \\$a(CStRLIN)PAUGAEB3050-B
=035  \\$a(NjP)4148116
=040  \\$aPU$cPUL$dPUL
=049  \\$aPULL
=050  0\$aDS70.8$b.A9
=079  \\$aocm08584339$zocm20657885$zocm23514942$zocm29580712
=100  1\$6880-01$aʻAzzāwī, ʻAbbās.
=245  10$6880-02$aʻAshāʼir al-ʻIrāq.
=260  \\$6880-03$aBaghdād :$b[s.n.],$c[1937-1956].
=300  \\$a4 v. :$bill. ;$c25 cm.
=500  \\$aAdded t.p.: The tribes of Iraq, by Abbas al-Azzawi.
=500  \\$aIn Arabic.
=504  \\$aBibliographical footnotes.
=650  \0$aEthnology$zIraq$0http://id.loc.gov/authorities/subjects/sh85045296
=740  4\$aThe tribes of Iraq.
=880  1\$6100-01/r$aعزاوي، عباس.
=880  10$6245-02/r$aعشائر العراق.
=880  \\$6260-03/r$aبغداد :$b[s.n.]،$c[1937-1956].
=902  \\$ajab$br$6a$7m$dv$f0$e20040409
=994  \\$aC0$bPUL
=999  \\$a4148116
=852  0\$04420530$bnec$hDS70.8$i.A9 1937
=866  \0$04420530$av. 1-v. 4
=959  \\$a2006-03-08 10:45:45 -0400

