=LDR  01452cam a2200373 a 4500
=001  415973
=003  NjP
=005  20190705140605.0
=008  871211m19549999ua\\\\\\\\\\\\000\0\ara\d
=024  7\$aprinceton_aco003794$2local
=040  \\$aNjP$cPUL$dPUL
=035  \\$a(CStRLIN)NJPG87-B61876
=035  \\$9ABZ1510TS
=035  \\$a(NjP)415973
=043  \\$af-ua---
=049  \\$aPULL
=035  \\$a(OCoLC)ocm82016507
=245  03$6880-01$aal-Barnāmaj al-ijtimāʻī /$cLajnat al-Sanawāt al-Khams.
=260  \\$6880-02$aal-Qāhirah :$bWizārat al-Shuʼūn al-Ijtimāʻīyah,$c1954-
=300  \\$av. ;$c23 cm.
=651  \0$aEgypt$xSocial conditions$y1952-1970.$0http://id.loc.gov/authorities/subjects/sh85041332
=651  \0$aEgypt$xSocial policy.$0http://id.loc.gov/authorities/subjects/sh2008114899
=710  1\$aEgypt.$bWizārat al-Shuʼūn al-Ijtimāʻīyah.$bLajnat al-Sanawāt al-Khams.
=880  02$6245-01/r$aالبرنامج الاجتماعي /$cلجنة السنوات الخمس.
=880  \\$6260-02/r$aالقاهرة :$bوزارة الشؤون الاجتماعية،$c1954-
=998  \\$a10/17/90$s9118$nNjP$wNJPG87B61876$d12/11/87$cKVV$bKVV$i901017$lNJPG
=911  \\$a19921028
=912  \\$a19910104000000.0
=994  \\$aC0$bPUL
=999  \\$a415973
=979  \\$a(OCoLC)ocn175779289
=852  01$0453046$brcppa$t1$hHN786.A8$iB37$xtr fr arab
=866  \0$0453046$80$ajuzʾ 1
=959  \\$a2000-06-13 00:00:00 -0400

