=LDR  01817cam a2200409 a 4500
=001  417909
=003  NjP
=005  20190705140612.0
=008  871223s1883\\\\le\\\\\\\\\\\\000\0\ara\d
=024  7\$aprinceton_aco003690$2local
=040  \\$aNjP$cPUL$dPUL
=035  \\$a(CStRLIN)NJPG87-B63676
=035  \\$9ABZ3452TS
=035  \\$a(NjP)417909
=041  1\$aara$hota
=043  \\$aa-tu---
=049  \\$aPULL
=035  \\$a(OCoLC)ocm11351292
=110  1\$aTurkey.$0http://id.loc.gov/authorities/names/n80070818
=240  10$aLaws, etc.$lArabic
=245  13$6880-01$aal-Dustūr /$ctarjamahu min al-lughah al-Turkīyah ilá al-ʻArabīyah Nawfal Afandī Niʻmat Allāh Nawfal ; bi-murājaʻat wa-tadqīq Khalīl Afandī al-Khūrī.
=260  \\$6880-02$aBayrūt :$bal-Maṭbaʻah al-Adabīyah,$c1301 [1883 or 1884]
=300  \\$a580 p. ;$c24 cm.
=500  \\$aTranslation of: Düstur.
=650  \0$aLaw$zTurkey.$0http://id.loc.gov/authorities/subjects/sh2008106842
=700  1\$6880-03$aṬarābulusī, Nawfal Niʻmat Allāh,$d1812-1887.$0http://id.loc.gov/authorities/names/n82236909
=880  12$6245-01/r$aالدستور /$cترجمه من اللغة التركية الى العربية نوفل افندي نعمة الله نوفل ؛ بمراجعة وتدقيق خليل افندي الخوري.
=880  \\$6260-02/r$aبيروت :$bالمطبعة الادبية،$c1301 [1883 or 1884]
=880  1\$6700-03/r$aطرابلسي، نوفل نعمة الله،$d1812-1887.
=998  \\$a05/11/93$s9118$nNjP$wNJPG87B63676$d12/23/87$cJEB$bLRP$i930511$lNJPG
=911  \\$a19930520
=912  \\$a19930511000000.0
=994  \\$aC0$bPUL
=999  \\$a417909
=979  \\$a(OCoLC)ocn175794387
=852  80$0455121$brcppa$t1$hKPA$i.T8D812 1883$xtr fr arab
=959  \\$a2000-06-13 00:00:00 -0400

