=LDR  01830cam a2200421 a 4500
=001  418215
=003  NjP
=005  20171012082043.0
=008  871228s1985\\\\ir\\\\\\\\\\\\000\0\ara\d
=024  7\$aprinceton_aco003312$2local
=035  \\$a(OCoLC)ocn175796886
=035  \\$a(OCoLC)21242388
=040  \\$aNjP$cPUL$dPUL
=035  \\$a(OCoLC)175796886
=035  \\$a(CStRLIN)NJPG87-B63953
=035  \\$9ABZ3758TS
=035  \\$a(NjP)418215
=079  \\$aocm21242388$zocm28751402
=049  \\$aPULL
=100  1\$6880-01$aMarʻashī Najafī, Shihāb al-Dīn.
=245  10$6880-02$aMinhāj al-muʼminīn /$cmutābiq li-fatāwá Shihāb al-Dīn al-Ḥusaynī al-Marʻashī al-Najafī ; [tanẓīm ʻĀdil al-ʻAlawī].
=260  \\$6880-03$aQum :$bMaktabat Āyat Allāh al-ʻUẓmá al-Marʻashī,$c1406 [1985 or 1986]
=300  \\$a326 p. ;$c25 cm.
=500  \\$aTitle page partially vocalized.
=650  \0$aIslamic law$xInterpretation and construction.$0http://id.loc.gov/authorities/subjects/sh85068455
=650  \0$aShiites.$0http://id.loc.gov/authorities/subjects/sh85121432
=700  1\$6880-04$aʻAlawī, ʻĀdil.
=880  1\$6100-01/r$aمرعشي نجفي، شهاب الدين.
=880  10$6245-02/r$aمنهاج المؤمنين /$cمتابق لفتاوى شهاب الدين الحسيني المرعشي النجفي ؛ [تنظيم عادل العلوي].
=880  \\$6260-03/r$aقم :$bمكتبة آية الله العظمى المرعشي،$c1406 [1985 or 1986]
=880  1\$6700-04/r$aعلوي، عادل.
=998  \\$a08/23/93$s9118$nNjP$wNJPG87B63953$d12/28/87$cJEB$bZLO$i930823$lNJPG
=911  \\$a19930909
=912  \\$a19930823000000.0
=994  \\$aC0$bPUL
=999  \\$a418215
=852  80$0455451$brcppa$t1$hKBL$i.M372$xtr fr arab
=959  \\$a2000-06-13 00:00:00 -0400

