=LDR  01472cam a2200325 a 4500
=001  430437
=003  NjP
=005  20171012082719.0
=008  880307s1984\\\\ir\\\\\\\b\\\\00110cara\d
=024  7\$aprinceton_aco003150$2local
=035  \\$a(OCoLC)37613874
=035  \\$a(CStRLIN)NJPG88-B12187
=035  \\$9ACA6032TS
=040  \\$aNjP$cNjP
=100  2\$aĀghā Buzurg al-Ṭihrānī, Muḥammad Muḥsin,$d1875-1970.$0http://id.loc.gov/authorities/names/n88254131
=245  13$aal-Ḍiyāʾ al-lāmiʻ fī al-qarn al-tāsiʻ /$ctaʾlīf Āghā Buzurg al-Ṭihrn̄ī ; taḥqīq ʻAlī Naqī Munzawī.
=260  \\$a[Tehran] :$bDānishgāh-i Tihrān,$c1362 [1984]
=300  \\$a7, 225 p. ;$c24 cm.
=490  1\$aṬabaqāt aʻlām al-Shīʻah ;$val-juzʾ 6
=440  \0$aIntishārt̄-i Dānishgāh-i Tihrān ;$vshumr̄ah-ʾi 1833
=500  \\$a"Shumārah-ʾi musalsal-i 2378"--P. facing t.p.
=500  \\$aIncludes bibliographical references and indexes.
=650  \0$aShiites$xBiography.$0http://id.loc.gov/authorities/subjects/sh2008111229
=700  1\$aMunzavī, ʻAlī Naqī.
=800  1\$aĀghā Buzurg al-Ṭihrānī, Muḥammad Muḥsin,$d1875-1970.$tṬabaqāt aʻlām al-Shīʻah ;$val-juzʾ 6.
=998  \\$a03/22/88$s9114$nNjP$wNJPG88B12187$d03/07/88$cKE$bKE$i880322$lNJPG
=911  \\$a19921028
=912  \\$a19900828000000.0
=852  00$0469070$brcppa$t1$hBP192.8$i.A356$xtr fr nec
=959  \\$a2000-06-13 00:00:00 -0400

