=LDR  01209cam a2200289 a 4500
=001  438282
=003  NjP
=005  20171013095837.0
=008  880413s1980\\\\ir\a\\\\\b\\\\00010\ara\d
=024  7\$aprinceton_aco003641$2local
=035  \\$a(OCoLC)25342820
=035  \\$a(CStRLIN)NJPG88-B19455
=035  \\$9ACB3895TS
=040  \\$aNjP$cNjP
=100  1\$aĀghā Buzurg al-Ṭihrānī, Muḥammad Muḥsin,$d1875-1970.$0http://id.loc.gov/authorities/names/n88254131
=245  10$aTārīkh ḥasr al-ijtihād /$ctaʾlīf Āghā Buzurg al-Ṭihrānī ; taḥqīq Muḥammad ʻAlī al-Anṣārī.
=260  \\$aKhūnsār, Īrān :$bMadrasat al-Imām al-Mahdī,$c1401 [1980 or 1981]
=300  \\$a130 p. :$bill. ;$c24 cm.
=440  \0$aManshūrāt Madrasat al-Imām al-Mahdī ;$v2
=504  \\$aIncludes bibliographical references (p. 124-[127]).
=650  \0$aIslamic law$xInterpretation and construction$xHistory.
=700  1\$aAnṣārī, Muḥammad ʻAlī.
=998  \\$a10/01/91$s9118$nNjP$wNJPG88B19455$d04/13/88$cJEB$bJEB$i911001$lNJPG
=911  \\$a19921028
=912  \\$a19911001000000.0
=852  80$0477352$brcppa$t1$hKBL$i.A332$xtr fr arab
=959  \\$a2000-06-13 00:00:00 -0400

