=LDR  01736cam a2200421 a 4500
=001  438799
=003  NjP
=005  20171013095909.0
=008  880415s1986\\\\ir\\\\\\\b\\\\000\0\ara\d
=024  7\$aprinceton_aco002868$2local
=035  \\$a(OCoLC)ocn175953066
=040  \\$aNjP$cPUL$dPUL
=035  \\$a(OCoLC)175953066
=035  \\$a(CStRLIN)NJPG88-B19931
=035  \\$9ACB4412TS
=035  \\$a(NjP)438799
=041  1\$aara$hper
=079  \\$aocm25342882
=049  \\$aPULL
=100  1\$6880-01$aRasūlī Maḥallātī, Hāshim.
=245  10$6880-02$aʻIqāb al-dhunūb /$ctaʼlīf Hāshim al-Rasūlī al-Maḥallātī ; tarjamat Muḥammad ʻAlī Ādhirshab.
=250  \\$6880-03$aal-Ṭabʻah 1.
=260  \\$6880-04$aṬihrān, Īrān :$bMuʻāwanīyat al-ʻAlāqāt al-Duwalīyah fī Munaẓẓamat al-Iʻlām al-Islāmī,$c1986.
=300  \\$a164 p. ;$c22 cm.
=500  \\$a"210."
=504  \\$aIncludes bibliographical references.
=650  \0$aSin (Islam)$0http://id.loc.gov/authorities/subjects/sh85122779
=880  1\$6100-01/r$aرسولي محلاتي، هاشم.
=880  10$6245-02/r$aعقاب الذنوب /$cتأليف هاشم الرسولي المحلاتي ؛ ترجمة محمد علي آذرشب.
=880  \\$6250-03/r$aالطبعة 1.
=880  \\$6260-04/r$aطهران، ايران :$bمعاونية العلاقات الدولية في منظمة الاعلام الاسلامي،$c1986.
=998  \\$a09/27/91$s9118$nNjP$wNJPG88B19931$d04/15/88$cJEB$bJEB$i910927$lNJPG
=911  \\$a19921028
=912  \\$a19910927000000.0
=994  \\$aC0$bPUL
=999  \\$a438799
=852  00$0477896$brcppa$t1$hBP166.75$i.M33125$xtr fr arab
=959  \\$a2000-06-13 00:00:00 -0500

