=LDR  01588cam a2200397 a 4500
=001  441535
=003  NjP
=005  20190705140653.0
=008  880502q19601988ir\\\\\\\\\\\\000\0\ara\d
=024  7\$aprinceton_aco003842$2local
=035  \\$a(CStRLIN)NJPG88-B22555
=035  \\$9ACB7150TS
=035  \\$a(NjP)441535
=040  \\$aNjP$cPUL$dPUL
=049  \\$aPULL
=019  \\$a28300294
=035  \\$a(OCoLC)ocm25296610$z(OCoLC)ocm28300294
=100  1\$6880-01$aAbū al-Qāsim al-Kūfī, ʻAlī ibn Aḥmad,$d-963 or 964.$0http://id.loc.gov/authorities/names/nr91020524
=240  10$6880-02$aIstighāthah
=245  10$6880-03$aKitāb al-istighāthah /$ctaʼlīf Abū al-Qāsim al-Kūfī ʻAlī ibn Aḥmad ibn Mūsá ...
=260  \\$a[Iran :$bs.n.,$c19--]
=300  \\$a10, 81, 92 p. ;$c22 cm.
=650  \0$aIslam$xDoctrines$xEarly works to 1800.$0http://id.loc.gov/authorities/subjects/sh87000152
=740  0\$6880-04$aIstighāthah.
=880  1\$6100-01/r$aابو القاسم الكوفي، علي بن احمد،$d-963 or 964.
=880  10$6240-02/r$aاستغاثة
=880  10$6245-03/r$aكتاب الاستغاثة /$cتأليف ابو القاسم الكوفي علي بن احمد بن موسى ...
=880  0\$6740-04/r$aاستغاثة.
=998  \\$a06/09/93$s9118$nNjP$wNJPG88B22555$d05/02/88$cJEB$bJEB$i930609$lNJPG
=911  \\$a19930617
=912  \\$a19930609000000.0
=994  \\$aC0$bPUL
=999  \\$a441535
=979  \\$a(OCoLC)ocn175972996
=852  00$0480788$brcppa$t1$hBP166$i.A283 1900z$xtr fr nec
=959  \\$a2000-06-13 00:00:00 -0400

