=LDR  02104cam a2200481 a 4500
=001  441607
=003  NjP
=005  20170605130410.0
=008  880502s1985\\\\ir\a\\\\\b\\\\000\0\ara\d
=024  7\$aprinceton_aco003587$2local
=035  \\$a(OCoLC)25817536
=035  \\$a(OCoLC)ocn175973500
=035  \\$a(OCoLC)175973500
=035  \\$a(CStRLIN)NJPG88-B22621
=035  \\$9ACB7222TS
=035  \\$a(NjP)441607
=040  \\$aal-Ṭabʻah 1.$cPUL$dPUL
=049  \\$aPULL
=079  \\$aocm25817536
=100  1\$6880-01$aMīlānī, ʻAlī al-Ḥusaynī.
=240  10$6880-02$aShahādāt
=245  10$6880-03$aKitāb al-shahādāt :$btaqrīr abḥāth faqīh al-ʻaṣr samāḥat Āyat Allāh al-ʻUẓmá al-Sayyid Muḥammad Riḍā al-Mūsawī al-Gulpāyakānī /$cbi-qalam ʻAlī al-Ḥusaynī al-Mīlānī.
=250  \\$6880-04$aal-Ṭabʻah 1.
=260  \\$6880-05$a[Iran] :$bʻA. al-Ḥ. al-Mīlānī,$c1405 [1985]
=300  \\$a474 p. :$bill. ;$c25 cm.
=504  \\$aIncludes bibliographical references.
=650  \0$aWitnesses (Islamic law)$0http://id.loc.gov/authorities/subjects/sh85147171
=700  1\$6880-06$aGulpāyigānī, Muḥammad Riḍā.
=740  0\$6880-07$aShahādāt.
=880  1\$6100-01/r$aميلاني، علي الحسيني.
=880  10$6240-02/r$aشهادات
=880  10$6245-03/r$aكتاب الشهادات :$bتقرير ابحاث فقيه العصر سماحة آية الله العظمى السيد محمد رضا الموسوي الگلپايكاني /$cبقلم علي الحسيني الميلاني.
=880  \\$6250-04/r$aالطبعة 1.
=880  \\$6260-05/r$a[ايران] :$bع. الح. الميلاني،$c1405 [1985]
=880  1\$6700-06/r$aگلپايگاني، محمد رضا.
=880  0\$6740-07/r$aشهادات.
=998  \\$a05/01/92$s9118$nNjP$wNJPG88B22621$d05/02/88$cJEB$bJEB$i920501$lNJPG
=911  \\$a19921028
=912  \\$a19920501000000.0
=994  \\$aC0$bPUL
=999  \\$a441607
=852  80$0480861$brcppa$t1$hKBL$i.M442 1985$xtr fr arab
=959  \\$a2000-06-13 00:00:00 -0400

