=LDR  01069cam a2200289 a 4500
=001  442133
=003  NjP
=005  20120521235406.0
=008  880504s1986\\\\ir\\\\\\\b\\\\000|0\ara\d
=024  7\$aprinceton_aco003029$2local
=035  \\$a(OCoLC)25688383
=035  \\$a(CStRLIN)NJPG88-B23114
=035  \\$9ACB7751TS
=040  \\$aNjP$cNjP
=043  \\$aaw-----
=100  1\$aṬāʾī, Najāḥ ʻAṭā.
=245  13$aal-Fikr al-qawmī Islāmīyan wa-tārīkhīyan /$ctaʾlīf Najāḥ ʻAṭā al-Ṭāʾī.
=250  \\$aal-Ṭabʻah 1.
=260  \\$aṬihrān :$bMuʻāwanīyat al-ʻAlāqāt al-Duwalīyah fī Munaẓẓamat al-Iʻlām al-Islāmī,$c1986.
=300  \\$a248 p. ;$c22 cm.
=504  \\$aIncludes bibliographical references.
=650  \0$aNationalism$zMiddle East$xReligious aspects$xIslam.
=998  \\$a04/10/92$s9118$nNjP$wNJPG88B23114$d05/04/88$cJEB$bJEB$i920410$lNJPG
=911  \\$a19921028
=912  \\$a19920410000000.0
=852  00$0481409$brcppa$t1$hBP173.55$i.T346 1986$xtr fr arab
=959  \\$a2000-06-13 00:00:00 -0500

