=LDR  01997cam a2200433 a 4500
=001  442136
=003  NjP
=005  20190705140654.0
=008  880504m19821986ir\\\\\\\b\\\\000\0\ara\d
=024  7\$aprinceton_aco003830$2local
=040  \\$aNjP$cPUL$dPUL
=035  \\$a(CStRLIN)NJPG88-B23117
=035  \\$9ACB7754TS
=035  \\$a(NjP)442136
=049  \\$aPULL
=035  \\$a(OCoLC)ocm22320227
=245  00$6880-01$aDurūs fī al-iqtiṣād /$c[aʻaddahu Muḥammad ʻAlī al-Taskhīrī].
=260  \\$6880-02$a[Iran] :$bMunaẓẓamat al-Iʻlām al-Islāmī, Qism al-ʻAlāqāt al-Dawlīyah,$c1403 [1982 or 1983]-1986.
=300  \\$a2 v. ;$c21 cm.
=500  \\$aVol. 2: 1st ed.
=504  \\$aIncludes bibliographical references.
=505  0\$6880-03$ajuzʼ 1. [Without special title] -- juzʼ 2. al-Iqtiṣād al-Islāmī.
=650  \0$aEconomics$xReligious aspects$xIslam.$0http://id.loc.gov/authorities/subjects/sh91004207
=650  \0$aIslam$xEconomic aspects.$0http://id.loc.gov/authorities/subjects/sh96003700
=650  \0$aComparative economics.$0http://id.loc.gov/authorities/subjects/sh85029296
=700  1\$6880-04$aTaskhīrī, Muḥammad ʻAlī.
=710  2\$aSāzmān-ī Tablīghāt-i Islāmī (Tehran, Iran)
=880  00$6245-01/r$aدروس في الاقتصاد /$c[اعده محمد علي التسخيري].
=880  \\$6260-02/r$a[ايران] :$bمنظمة الاعلام الاسلامي، قسم العلاقات الدولية،$c1403 [1982 or 1983]1986.
=880  0\$6505-03/r$aجزء 1. [Without special title] جزء 2. الاقتصاد الاسلامي.
=880  1\$6700-04/r$aتسخيري، محمد علي.
=998  \\$a09/18/89$s9118$nNjP$wNJPG88B23117$d05/04/88$cKVV$bKVV$i890918$lNJPG
=911  \\$a19921028
=912  \\$a19900508000000.0
=994  \\$aC0$bPUL
=999  \\$a442136
=979  \\$a(OCoLC)ocn175977479
=852  00$0481412$brcppa$t1$hBP173.75$i.D87$xtr fr nec$xtr fr f
=959  \\$a2000-06-13 00:00:00 -0400

