=LDR  01171cam a2200265 a 4500
=001  442688
=003  NjP
=005  20171013100257.0
=008  880506r19801950ir\\\\\\\\\\\\00010\ara\d
=024  7\$aprinceton_aco004168$2local
=035  \\$a(OCoLC)61623497
=035  \\$a(CStRLIN)NJPG88-B23622
=035  \\$9ACB8308TS
=040  \\$aNjP$cNjP
=100  2\$aIbn Ṭāwūs, ʻAlī ibn Mūsá,$d1193-1266.$0http://id.loc.gov/authorities/names/nr89015361
=245  13$aal-Yaqīn fī imrat Amīr al-Muʾminīn ʻAlī ibn Abī Ṭālib /$ctaʾlīf Raḍī al-Dīn Abī al-Qāsim ʻAlī ibn Mūsá ibn Jaʻfar ibn Muḥammad ibn Ṭāwūs al-Ḥasanī al-Ḥusaynī.
=260  \\$aQum, Īrān :$bMuʾassasat Dār al-Kitāb,$c[198-?]
=300  \\$a214 p. ;$c22 cm.
=534  \\$pReprint. Originally published:$cNajaf : al-Maṭbaʻah al-Ḥaydarīyah, 1950.
=600  00$aʻAlī ibn Abī Ṭālib,$cCaliph,$dca. 600-661$xHadith.
=998  \\$a09/04/90$s9118$nNjP$wNJPG88B23622$d05/06/88$cJEB$bJEB$i900904$lNJPG
=911  \\$a19921028
=912  \\$a19910104000000.0
=852  80$0481986$brcppa$t1$h2264.1067.742$xtr fr f
=959  \\$a2000-06-13 00:00:00 -0500

