=LDR  01085cam a22002772a 4500
=001  4498116
=003  NjP
=005  20190705145204.0
=008  050419s1962\\\\sy\\\\\\\\\\\\000\0\ara\d
=024  7\$aprinceton_aco003756$2local
=040  \\$aNjP$cPUL$dPUL
=035  \\$a(NjP)4498116
=049  \\$aPULL
=035  \\$a(OCoLC)ocm60357975
=110  1\$6880-01$aSyria.$bal-Maḥkamah al-Idārīyah al-ʻUlyā.
=245  10$6880-02$aMajmūʻat al-mabādiʼ al-qānūnīyah allatī qarraratʹhā al-Maḥkamah al-Idārīyah al-ʻUlyā fī Majlis al-Dawlah.
=260  \\$a[S.l. ;$bs.n.,$c1959-1962]
=300  \\$a191 p.
=650  \0$aCivil service$zSyria$xCases.
=880  1\$6110-01/r$aسوريا.$bالمحكمة الادارية العليا.
=880  10$6245-02/r$aمجموعة المبادئ القانونية التي قررتها المحكمة الادارية العليا في مجلس الدولة.
=994  \\$aC0$bPUL
=999  \\$a4498116
=979  \\$a(OCoLC)ocn179097881
=852  0\$04750640$brcppa$hKRM18.A3$iU54 1959$xtr fr f
=959  \\$a2008-10-22 11:55:12 -0400

