=LDR  01757cam a2200421   4500
=001  450198
=003  NjP
=005  20170518131338.0
=008  880616s1881\\\\sy\\\\\\\\\\\\000\0\arard
=024  7\$aprinceton_aco002939$2local
=010  \\$a   73261036 
=035  \\$a(OCoLC)ocn176031094
=040  \\$aPUL$cPUL$dPUL
=035  \\$a(OCoLC)176031094
=035  \\$a(CStRLIN)NJPG88-B30665
=035  \\$9ACC5831TS
=035  \\$a(NjP)450198
=050  0\$aPJ7858.A78$bN3
=079  \\$aocm62422214
=049  \\$aPULL
=100  1\$6880-01$aQaṣṣāb Ḥasan, Muḥammad Salīm.
=240  10$6880-02$aNashʼat al-ṣibā wa-nasamat al-ṣabā
=245  10$6880-03$aDīwān nashʼat al-ṣibā wa-nasamat al-ṣabā,$cnaẓm Muḥammad Salīm Afandī al-mashhūr bi-al-Qaṣṣāb Ḥasan al-Dimashqī.
=260  \\$6880-04$aDimashq,$bMaṭbaʻat al-Jamʻīyah al-Khayrīyah$c1298 [i.e. 1299. 1881]
=300  \\$a160 p.$c21 cm.
=740  0\$6880-05$aNashʼat al-ṣibā wa-nasamat al-ṣabā.
=880  1\$6100-01/r$aقصاب حسن، محمد سليم.
=880  10$6240-02/r$aنشأت الصبا ونسمة الصبا
=880  10$6245-03/r$aديوان نشأت الصبا ونسمة الصبا،$cنظم محمد سليم افندي المشهور بالقصاب حسن الدمشقي.
=880  \\$6260-04/r$aدمشق،$bمطبعة الجمعية الخيرية$c1298 [ا.. 1299. 1881]
=880  0\$6740-05/r$aنشأت الصبا ونسمة الصبا.
=998  \\$a06/16/88$s9114$nNjP$wNJPG88B30665$d06/16/88$cDGH$bDGH$i880616$lNJPG
=911  \\$a19921028
=912  \\$a19900828000000.0
=994  \\$aC0$bPUL
=999  \\$a450198
=852  00$0490029$brcppa$t1$hPJ7858.A78$iN3$xtr fr arab
=959  \\$a2000-06-13 00:00:00 -0500

