=LDR  01795cam a2200409 a 4500
=001  452533
=003  NjP
=005  20190705140719.0
=008  880630m19521953ir\\\\\\\\\\\\000\0\ara\d
=024  7\$aprinceton_aco003913$2local
=035  \\$a(CStRLIN)NJPG88-B32821
=035  \\$9ACC8171TS
=035  \\$a(NjP)452533
=040  \\$aNjP$cPUL$dPUL
=049  \\$aPULL
=035  \\$a(OCoLC)ocm79186095
=100  1\$6880-01$aĀmulī, Muḥammad Taqī.
=240  10$6880-02$aṢalāh
=245  10$6880-03$aKitāb al-ṣalāh :$bmin taqrīrāt baḥth al-ʻallāmah al-ustādh al-marḥūm al-Mīrzā Muḥammad Ḥusayn al-Nāʼīnī al-Gharawī /$clil-Ḥājj al-Shaykh Muḥammad Taqī al-ʻĀmulī.
=260  \\$6880-04$aṬihrān :$bMaktabat al-Budharjumihrī,$c1372-1373 [1952 or 1953-1953 or 1954]
=300  \\$a3 v. ;$c24 cm.
=650  \0$aPrayer$xIslam.$0http://id.loc.gov/authorities/subjects/sh85106123
=740  0\$6880-05$aṢalāh.
=880  1\$6100-01/r$aآملي، محمد تقي.
=880  10$6240-02/r$aصلاه
=880  10$6245-03/r$aكتاب الصلاة :$bمن تقريرات بحث العلامة الاستاذ المرحوم الميرزا محمد حسين النائيني الغروي /$cللحاج الشيخ محمد تقي العاملي.
=880  \\$6260-04/r$aطهران :$bمكتبة البذرجمهري،$c1372-1373 [1952 or 1953-1953 or 1954]
=880  0\$6740-05/r$aصلاه.
=998  \\$a05/10/90$s9118$nNjP$wNJPG88B32821$d06/30/88$cJEB$bJEB$i900510$lNJPG
=911  \\$a19921028
=912  \\$a19910104000000.0
=994  \\$aC0$bPUL
=999  \\$a452533
=979  \\$a(OCoLC)ocn176041862
=852  00$0492513$brcppa$t1$hBP178$i.A48$xtr fr nec
=866  \0$0492513$amujallad 1-mujallad 3
=959  \\$a2000-06-13 00:00:00 -0400

