=LDR  01489cam a2200385 a 4500
=001  456501
=003  NjP
=005  20171013101429.0
=008  880721q19801988ir\\\\\\\\\\\\000\0\ara\d
=024  7\$aprinceton_aco003291$2local
=035  \\$a(OCoLC)ocn175387891
=040  \\$aNjP$cPUL$dPUL
=035  \\$a(OCoLC)175387891
=035  \\$a(CStRLIN)NJPG88-B36476
=035  \\$9ACD2147TS
=035  \\$a(NjP)456501
=079  \\$aocm25817567
=049  \\$aPULL
=100  1\$6880-01$aṬabāṭabāʼī, Muḥammad Ḥusayn.
=245  10$6880-02$aḤāshiyat al-Kifāyah /$cmin muṣannafāt Muḥammad Ḥusayn al-Ṭabāṭabāʼī.
=260  \\$a[Iran] :$bBunyād-i ʻIlmī va Fikrī-i ʻAllāmah Ṭabāṭabāʼī bā hamkārī-i Namāyishgāh va Nashr-i Kitāb,$c[198-?]
=300  \\$a310 p. ;$c24 cm.
=500  \\$aCover title.
=650  \0$aIslamic law$xInterpretation and construction.$0http://id.loc.gov/authorities/subjects/sh85068455
=630  00$6880-03$aKifāyah.
=880  1\$6100-01/r$aطباطبائي، محمد حسين.
=880  10$6245-02/r$aحاشية الكفاية /$cمن مصنفات محمد حسين الطباطبائي.
=880  00$6630-03/r$aكفاية.
=998  \\$a05/01/92$s9118$nNjP$wNJPG88B36476$d07/21/88$cJEB$bJEB$i920501$lNJPG
=911  \\$a19921028
=912  \\$a19920501000000.0
=994  \\$aC0$bPUL
=999  \\$a456501
=852  80$0496718$brcppa$t1$hKBL$i.T322 1980z$xtr fr arab
=959  \\$a2000-06-13 00:00:00 -0400

