=LDR  01547cam a2200421   4500
=001  456900
=003  NjP
=005  20170605130242.0
=008  880122s1871\\\\le\\\\\\\\\\\\000\0\ara\d
=024  7\$aprinceton_aco002841$2local
=010  \\$a   75586643 
=035  \\$a(OCoLC)57720278
=035  \\$a(OCoLC)ocn175390752
=035  \\$a(OCoLC)175390752
=035  \\$a(CStRLIN)NJPG88-B3684
=035  \\$9ACD2547TS
=035  \\$a(NjP)456900
=040  \\$aPUL$cPUL$dPUL
=049  \\$aPULL
=050  0\$aPN6519.A7$bS25
=079  \\$aocm57720278
=100  1\$6880-01$aSarkīs, Ibrahīm.
=240  10$6880-02$aDurrah al-yatīmah fi al-amthāl al-qadīmah
=245  10$6880-03$aKitāb al-durrah al-yatīmah fī al-amthāl al-qadīmah,$ctaʼlīf Ibrahīm Sarkīs al-Lubnānī.
=260  \\$6880-04$aBayrūt,$c1871.
=300  \\$a172 p.$c17 cm.
=650  \0$aProverbs, Arabic.$0http://id.loc.gov/authorities/subjects/sh85107847
=880  1\$6100-01/r$aسركيس، ابرهيم.
=880  10$6240-02/r$aدرة اليتيمة ف الامثال القديمة
=880  10$6245-03/r$aكتاب الدرة اليتيمة في الامثال القديمة،$cتأليف ابرهيم سركيس اللبناني.
=880  \\$6260-04/r$aبيروت،$c1871.
=998  \\$a01/22/88$s9114$nNjP$wNJPG88B3684$d01/22/88$cDGH$bDGH$i880122$lNJPG
=911  \\$a19921028
=912  \\$a19900828000000.0
=994  \\$aC0$bPUL
=999  \\$a456900
=852  00$0497147$brcppa$t1$hPN6519.A7$iS25$xtr fr arab
=959  \\$a2000-06-13 00:00:00 -0500

