=LDR  01798cam a2200469   4500
=001  457947
=003  NjP
=005  20190705140736.0
=008  880727s1959\\\\iq\a\\\\\\\\\\000\0\arard
=024  7\$aprinceton_aco003788$2local
=010  \\$a   75586682 
=040  \\$aPUL$cPUL$dPUL
=035  \\$a(CStRLIN)NJPG88-B37795
=035  \\$9ACD3597TS
=035  \\$a(NjP)457947
=043  \\$aa-iq---$af-ua---
=050  0\$aDS79.65$b.R39
=049  \\$aPULL
=035  \\$a(OCoLC)ocm81181434
=100  1\$6880-01$aRazzūq, Munīr.
=245  10$6880-02$aMuʼāmarat ʻAbd al-Nāṣir,$ctaʼlīf Munīr Razzūq.
=260  \\$6880-03$a[Baghdād$bDār al-Bilād lil-Ṣiḥāfah wa-al-Nashr]$c1959.
=300  \\$a44 p.$billus.$c22 cm.
=440  \0$6880-04$aKitāb al-bilād,$val-kitāb 1.
=651  \0$aIraq$xPolitics and government.$0http://id.loc.gov/authorities/subjects/sh93003202
=651  \0$aIraq$xForeign relations$zEgypt.
=651  \0$aEgypt$xForeign relations$zIraq.
=600  10$6880-05$aShawwāf, ʻAbd al-Wahhāb.
=651  \0$aMosul (Iraq)$xHistory.$0http://id.loc.gov/authorities/subjects/sh95002321
=880  1\$6100-01/r$aرزوق، منير.
=880  10$6245-02/r$aمؤامرة عبد الناصر،$cتأليف منير رزوق.
=880  \\$6260-03/r$a[بغداد$bدار البلاد للصحافة والنشر]$c1959.
=880  \0$6440-04/r$aكتاب البلاد،$vالكتاب 1.
=880  10$6600-05/r$aشواف، عبد الوهاب.
=998  \\$a08/17/88$s9114$nNjP$wNJPG88B37795$d07/27/88$cKVV$bKVV$i880817$lNJPG
=911  \\$a19921028
=912  \\$a19900828000000.0
=994  \\$aC0$bPUL
=999  \\$a457947
=979  \\$a(OCoLC)ocn175398127
=852  00$0498236$brcppa$t1$hDS79.65$i.R39$xtr fr arab
=959  \\$a2000-06-13 00:00:00 -0400

