=LDR  01625cam a2200385 i 4500
=001  458167
=003  NjP
=005  20190705140737.0
=008  880728s1960\\\\iq\af\\\\\\\\f000\0\arard
=024  7\$aprinceton_aco003919$2local
=010  \\$a   75973164 
=040  \\$aPUL$cPUL$dPUL
=035  \\$a(CStRLIN)NJPG88-B37994
=035  \\$9ACD3817TS
=035  \\$a(NjP)458167
=043  \\$aa-iq---
=050  \\$aHD951.I7$bI72 1960
=049  \\$aPULL
=035  \\$a(OCoLC)ocm79983425
=110  1\$6880-01$aIraq.$bWizārat al-Iṣlāḥ al-Zirāʻī.$bMudīrīyat al-Tawjīh wa-al-Nashr.
=245  13$6880-02$aal-Iṣlāḥ al-zirāʻī fī jumhūrīyatinā al-khālidah /$cMudīrīyat al-Nashr wa-al-Tawjīh fī Wizārat al-Iṣlāḥ al-Zirāʻī.
=260  \\$6880-03$a[Baghdād] :$bal-Mudīrīyah,$c[1960?]
=300  \\$a31 p., [2] fold. leaves of plates :$bill. ;$c22 cm.
=650  \0$aLand tenure$zIraq.
=880  1\$6110-01/r$aعراق.$bوزارة الاصلاح الزراعي.$bمديرية التوجيه والنشر.
=880  12$6245-02/r$aالاصلاح الزراعي في جمهوريتنا الخالدة /$cمديرية النشر والتوجيه في وزارة الاصلاح الزراعي.
=880  \\$6260-03/r$a[بغداد] :$bالمديرية،$c[1960؟]
=998  \\$a08/19/88$s9114$nNjP$wNJPG88B37994$d07/28/88$cKVV$bXXX$i880819$lNJPG
=911  \\$a19921028
=912  \\$a19900828000000.0
=994  \\$aC0$bPUL
=999  \\$a458167
=979  \\$a(OCoLC)ocn175399609
=852  00$0498457$brcppa$t1$hHD951.I7$iI72 1960$xtr fr arab
=959  \\$a2000-06-13 00:00:00 -0400

