=LDR  01529cam a2200313 a 4500
=001  460877
=003  NjP
=005  20171013101734.0
=008  880811s1987\\\\ir\a\\\\\b\\\\001|0\ara\d
=024  7\$aprinceton_aco003612$2local
=035  \\$a(OCoLC)25725310
=035  \\$a(CStRLIN)NJPG88-B40505
=035  \\$9ACD6528TS
=040  \\$aNjP$cNjP
=100  1\$aMashhadī, Muḥammad ibn ʻAlī,$d-1164 or 1165.$0http://id.loc.gov/authorities/names/nr91025333
=245  13$aal-Wasīlah ilá nayl al-faḍīlah /$clil-faqīh ʻImād al-Dīn Abī Jaʻfar Muḥammad ibn ʻAlī al-Ṭūsī al-maʻrūf bi-Ibn Ḥamzah ; taḥqīq Muḥammad al-Ḥassūn ; ishrāf al-Sayyid Maḥmūd al-Marʻashī.
=250  \\$aal-Ṭabʻah 1.
=260  \\$aQum :$bMaktabat Āyat Allāh al-ʻUẓmá al-Marʻashī al-Najafī,$c1408 [1987 or 1988]
=300  \\$a506 p. :$bill. ;$c25 cm.
=490  1\$aMakhṭūṭāt Maktabat Āyat Allāh al-Marʻashī al-ʻĀmmah ;$v18
=504  \\$aIncludes bibliographical references (p. [486]-490) and indexes.
=650  \0$aIslamic law$xInterpretation and construction.$0http://id.loc.gov/authorities/subjects/sh85068455
=700  1\$aḤassūn, Muḥammad.
=830  \0$aMin makhṭūṭāt Maktabat Āyat Allāh al-Marʻashī al-ʻĀmmah ;$v18.
=998  \\$a04/14/92$s9118$nNjP$wNJPG88B40505$d08/11/88$cJEB$bJEB$i920414$lNJPG
=911  \\$a19921028
=912  \\$a19920414000000.0
=852  80$0501284$brcppa$t1$hKBL$i.M372 1987$xtr fr arab
=959  \\$a2007-07-17 12:48:38 -0400

