=LDR  01456cam a2200277 a 4500
=001  4616903
=003  NjP
=005  20180629175143.0
=008  051108s1911\\\\ua\\\\\\\\\\\\000\0\ara\d
=024  7\$aprinceton_aco004657$2local
=035  \\$a4616903
=040  \\$aNjP$cNjP
=100  1\$aBayḍāwī, ʻAbd Allāh ibn ʻUmar,$d-1286?$0http://id.loc.gov/authorities/names/n82085851
=245  13$aal-Juzʼ al-awwal[-al-rābiʻ] min al-tafsīr al-musammá Anwār al-tanzīl wa-asrār al-taʼwīl /$ctaʼlīf Nāṣir al-Dīn Abī Saʻīd ʻAbd Allāh ibn ʻUmar ibn Muḥammad al-Shīrāzī al-Bayḍāwī. Wa-bi-hāmishihi Ḥāshiyat Abī al-Faḍl al-Qurashī al-Ṣiddīqī al-Khaṭīb al-mashhūr bi-al-Kāzarūnī.
=246  10$aTafsīr al-musammá Anwār al-tanzīl wa-asrār al-taʼwīl
=246  10$aAnwār al-tanzīl wa-asrār al-taʼwīl
=260  \\$aMiṣr :$bDār al-Kutub al-ʻArabīyah al-Kubrá,$c[19--?]
=300  \\$a4 v. in 2 ;$c30 cm.
=630  00$aQurʼan$vCommentaries.
=700  12$aKāzarūnī, Muḥammad,$dd. 1533.$tḤāshiyah ʻalá Anwār al-tanzīl wa-asrār al-taʼwīl.
=740  0\$aḤāshiyah ʻalá Anwār al-tanzīl wa-asrār al-taʼwīl.
=902  \\$ajab$bo$6a$7m$dv$f2$e20051108
=852  8\$04854358$brcppa$cOversize$h2273.5863.12 1911q$xtr fr f
=866  \0$04854358$aJuzʾ 1-juzʾ 4
=866  \0$04854358$xDESIGNATOR: juzʾ
=959  \\$a2005-11-08 11:29:27 -0500

