=LDR  01111cam a2200277 a 4500
=001  461919
=003  NjP
=005  20171013101819.0
=008  880817s1984\\\\ir\\\\\\\\\\\\000|0bara\d
=024  7\$aprinceton_aco002979$2local
=035  \\$a(OCoLC)26003849
=035  \\$a(CStRLIN)NJPG88-B41472
=035  \\$9ACD7572TS
=040  \\$aNjP$cNjP
=100  1\$aQazwīnī, Raḍī ibn Nabī,$d-1723 or 1724.$0http://id.loc.gov/authorities/names/nr92020706
=245  10$aTaẓallum al-Zahrāʼ min ihrāq dimāʼ Āl al-ʻAbāʼ /$ctaʼlīf Raḍī ibn Nabī al-Qazwīnī.
=250  \\$aal-Ṭabʻah 3.
=260  \\$aQum, Īrān :$bManshūrāt al-Sharīf al-Raḍī,$c1405 [1984 or 1985]
=300  \\$a468 p. ;$c25 cm.
=600  00$aḤusayn ibn ʻAlī,$d-680$xDeath and burial.$0http://id.loc.gov/authorities/subjects/sh85063203
=650  \0$aShīʻah$xBiography.
=998  \\$a05/28/92$s9118$nNjP$wNJPG88B41472$d08/17/88$cJEB$bJEB$i920528$lNJPG
=911  \\$a19921028
=912  \\$a19920528000000.0
=852  00$0502386$brcppa$t1$hBP193.13$i.Q398 1984$xtr fr arab
=959  \\$a2000-06-13 00:00:00 -0500

