=LDR  01567cam a2200349 a 4500
=001  461922
=003  NjP
=005  20170905102828.0
=008  880817s1983\\\\ir\\\\\\\\\\\\00010\ara\d
=024  7\$aprinceton_aco004930$2local
=035  \\$a(OCoLC)22467380
=035  \\$a(CStRLIN)NJPG88-B41475
=035  \\$9ACD7575TS
=035  \\$a461922
=040  \\$aNjP$cNjP
=100  1\$aṬabāṭabāʼī, ʻAlī ibn Muḥammad,$d1748-approximately 1816.$0http://id.loc.gov/authorities/names/nr90001959
=245  10$aRiyāḍ al-masāʼil fī bayān al-aḥkām bi-al-dalāʼil /$ctaʼlīf ʻAlī al-Ṭabāṭabāʼī.
=260  \\$a[Qum] :$bMuʼassasat Āl al-Bayt,$c[1404 [1983 or 1984]]
=300  \\$a2 v. ;$c35 cm.
=500  \\$aTitle page partially vocalized.
=500  \\$aAnnotations in the margins.
=500  \\$aCommentary on Jaʻfar ibn al-Ḥasan Muḥaqqiq al-Ḥillī's work, al-Nāfiʻ fī mukhtaṣar al-sharāʼiʻ.
=534  \\$pReprint.
=650  \0$aIslamic law$xInterpretation and construction.$0http://id.loc.gov/authorities/subjects/sh85068455
=600  10$aMuḥaqqiq al-Ḥillī, Jaʻfar ibn al-Ḥasan,$d1205 or 1206-1277.$tNāfiʻ fī mukhtaṣar al-sharāʼiʻ.
=998  \\$a02/20/90$s9118$nNjP$wNJPG88B41475$d08/17/88$cJEB$bJEB$i900220$lNJPG
=911  \\$a19921028
=912  \\$a19910104000000.0
=852  00$0502389$brcppa$t1$cOversize$hKBP370.M84$iA36 1983q$xtr fr nec
=866  \0$0502389$ajuz' 1-juz' 2
=866  \0$0502389$xjuz' 2 missing at the time of transfer to recap aj
=959  \\$a2000-06-13 00:00:00 -0400

