=LDR  01595cam a2200409 a 4500
=001  462461
=003  NjP
=005  20170518131421.0
=008  880819s1952\\\\ua\\\\\\\\\\\\000\0\ara\d
=024  7\$aprinceton_aco002818$2local
=035  \\$a(OCoLC)ocn175429837
=035  \\$a(OCoLC)60506239
=040  \\$aNjP$cPUL$dPUL
=035  \\$a(OCoLC)175429837
=035  \\$a(CStRLIN)NJPG88-B41965
=035  \\$9ACD8115TS
=035  \\$a(NjP)462461
=079  \\$aocm60506239
=049  \\$aPULL
=100  1\$6880-01$aḤakīm, Tawfīq.
=245  13$6880-02$aal-Marʼah al-jadīdah :$bkūmīdiyā fī thalāthat fuṣūl /$cTawfīq al-Ḥakīm.
=260  \\$6880-03$a[Cairo :$bs.n.],$c1952$e([Cairo] :$fMaṭābiʻ Dār Akhbār al-Yawm)
=300  \\$a162 p. ;$c20 cm.
=490  0\$6880-04$aKitāb al-yawm
=500  \\$6880-05$a"Maththalahā Jawq ʻUkāshah wa-shurakāʼuhum ʻām 1926."
=880  1\$6100-01/r$aحكيم، توفيق.
=880  12$6245-02/r$aالمرأة الجديدة :$bكوميديا في ثلاثة فصول /$cتوفيق الحكيم.
=880  \\$6260-03/r$a[Cairo :$bs.n.]،$c1952$e([القاهرة] :$fمطابع دار اخبار اليوم)
=880  0\$6490-04/r$aكتاب اليوم
=880  \\$6500-05/r$a"مثلها جوق عكاشة وشركاؤهم عام 1926."
=998  \\$a08/19/88$s9114$nNjP$wNJPG88B41965$d08/19/88$cDGH$bDGH$i880819$lNJPG
=911  \\$a19921028
=912  \\$a19900828000000.0
=994  \\$aC0$bPUL
=999  \\$a462461
=852  00$0502953$brcppa$t1$hPJ7828.K52$iM37$xtr fr arab
=959  \\$a2000-06-13 00:00:00 -0500

