=LDR  02415cam a2200505 a 4500
=001  463109
=003  NjP
=005  20190705140756.0
=008  880824s1983\\\\ir\\\\\\\\\\\\000\0\ara\d
=024  7\$aprinceton_aco004027$2local
=040  \\$aNjP$cPUL$dPUL
=035  \\$a(CStRLIN)NJPG88-B42572
=035  \\$9ACD8765TS
=035  \\$a(NjP)463109
=049  \\$aPULL
=035  \\$a(OCoLC)ocm22324751
=100  1\$6880-01$aFayḍ al-Kāshī, Muḥammad ibn Murtaḍá,$d1598 or 1599-1680 or 1681$0http://id.loc.gov/authorities/names/n80032186
=240  10$6880-02$aWāfī
=245  13$6880-03$aal-Mujallad al-awwal[-al-thālith] min Kitāb al-wāfī /$ctaʼlīf Muḥammad Muḥsin ibn al-Shāh Murtaḍá al-mushtahir bi-al-Fayḍ al-Kāshānī.
=260  \\$6880-04$aQum, Īrān :$bMaktabat Āyat Allāh al-Uẓmá al-Marʻashī al-Najafī,$c1404 [1983 or 1984]
=300  \\$a3 v. ;$c35 cm.
=500  \\$aTitle page partially vocalized.
=500  \\$aMarginal annotations.
=534  \\$pReprint.
=650  \0$aGod (Islam)$xEarly works to 1800.$0http://id.loc.gov/authorities/subjects/sh2008118219
=650  \0$aPrayer$xIslam$xEarly works to 1800.$0http://id.loc.gov/authorities/subjects/sh2010108002
=650  \0$aFinance (Islamic law)$xEarly works to 1800.
=650  \0$aIslamic law$xInterpretation and construction$xEarly works to 1800.$0http://id.loc.gov/authorities/subjects/sh2008104962
=740  0\$6880-05$aWāfī.
=740  0\$6880-06$aKitāb al-wāfī.
=880  1\$6100-01/r$aفيض الكاشي، محمد بن مرتضى،$d1598 or 9-1680 or 81.
=880  10$6240-02/r$aوافي
=880  12$6245-03/r$aالمجلد الاول[الثالث] من كتاب الوافي /$cتأليف محمد محسن بن الشاه مرتضى المشتهر بالفيض الكاشاني.
=880  \\$6260-04/r$aقم، ايران :$bمكتبة آية الله الاظمى المرعشي النجفي،$c1404 [1983 or 1984]
=880  0\$6740-05/r$aوافي.
=880  0\$6740-06/r$aكتاب الوافي.
=998  \\$a12/14/89$s9118$nNjP$wNJPG88B42572$d08/24/88$cJEB$bJEB$i891214$lNJPG
=911  \\$a19921028
=912  \\$a19900508000000.0
=994  \\$aC0$bPUL
=999  \\$a463109
=979  \\$a(OCoLC)ocn175434431
=852  00$0503627$brcppa$cOversize$hBP166.2$i.F393 1983q$xtr fr nec
=866  \0$0503627$aJuzʼ 1-juzʼ 3
=959  \\$a2000-06-13 00:00:00 -0400

