=LDR  01600cam a2200433 a 4500
=001  464958
=003  NjP
=005  20170613154940.0
=008  880902s1945\\\\ua\\\\\\r\\\\\000\0\ara\d
=024  7\$aprinceton_aco002793$2local
=035  \\$a(OCoLC)ocn175449896
=035  \\$a(OCoLC)25345006
=040  \\$aNjP$cPUL$dPUL
=035  \\$a(OCoLC)175449896
=035  \\$a(CStRLIN)NJPG88-B44264
=035  \\$9ACE0617TS
=035  \\$a(NjP)464958
=041  1\$aara$hswe
=079  \\$aocm25345006
=049  \\$aPULL
=100  1\$aStrindberg, August,$d1849-1912.$0http://id.loc.gov/authorities/names/n79005597
=240  10$aFadren.$lArabic
=245  10$6880-01$aMasraḥīyat al-Ab /$ctaʼlīf Ūjust Stirindbirj ; tarjamat Wadīʻ Filasṭīn.
=260  \\$6880-02$a[Cairo] :$bYuṭlabu min Maktabat Miṣr wa-Maṭbaʻatihā,$c[1945]
=300  \\$a85 p. ;$c22 cm.
=500  \\$aTranslation of: Fadren.
=500  \\$aCover title: al-Ab.
=533  \\$aPhotocopy.$bPrinceton, N.J. :$cPrinceton University Library,$d1991.
=740  0\$aAb.
=880  10$6245-01/r$aمسرحية الاب /$cتأليف اوجست سترندبرج ؛ ترجمة وديع فلسطين.
=880  \\$6260-02/r$a[القاهرة] :$bيطلب من مكتبة مصر ومطبعتها،$c[1945]
=998  \\$a07/09/91$s9114$nNjP$wNJPG88B44264$d09/02/88$cJCB$bNJB$i910709$lNJPG
=911  \\$a19921028
=912  \\$a19910709000000.0
=994  \\$aC0$bPUL
=999  \\$a464958
=852  00$0505576$bnec$t1$hPT9812.F32$iA7
=852  00$01926439$brcppa$t0$hPT9812.F3$iA7$xtr fr arab
=959  \\$a2000-06-13 00:00:00 -0500

