=LDR  01296cam a2200373 a 4500
=001  465785
=003  NjP
=005  20141106144325.0
=008  880908s1953\\\\ua\\\\\\\\\\\\000\1\ara\d
=024  7\$aprinceton_aco002942$2local
=035  \\$a(OCoLC)ocn175456743
=040  \\$aNjP$cPUL$dPUL
=035  \\$a(OCoLC)175456743
=035  \\$a(CStRLIN)NJPG88-B45040
=035  \\$9ACE1447TS
=035  \\$a(NjP)465785
=049  \\$aPULL
=100  1\$6880-01$aDhuhnī, Ṣalāḥ.
=245  10$6880-02$aJāʼa al-kharīf /$cṢalāḥ Dhuhnī.
=260  \\$6880-03$a[Cairo] :$bDār Rūz al-Yūsuf,$c1953.
=300  \\$a175 p. ;$c20 cm.
=490  0\$6880-04$aal-Kitāb al-dhahabī ;$val-ʻadad 9 (Fabrāyir 1953)
=500  \\$aNovel.
=880  1\$6100-01/r$aذهني، صلاح.
=880  10$6245-02/r$aجاء الخريف /$cصلاح ذهني.
=880  \\$6260-03/r$a[القاهرة] :$bدار روز اليوسف،$c1953.
=880  0\$6490-04/r$aالكتاب الذهبي ؛$vالعدد 9 (فبراير 1953)
=998  \\$a10/12/89$s9114$nNjP$wNJPG88B45040$d09/08/88$cCSB$bKVV$i891012$lNJPG
=911  \\$a19921028
=912  \\$a19900508000000.0
=994  \\$aC0$bPUL
=999  \\$a465785
=852  00$0506449$brcppa$t1$hPJ7820.H8$iJ32$xtr fr arab
=959  \\$a2000-06-13 00:00:00 -0500

