=LDR  02248cam a2200445 a 4500
=001  478855
=003  NjP
=005  20171013102936.0
=008  881115s1987\\\\ir\a\\\\\b\\\\001\0\ara\d
=024  7\$aprinceton_aco003127$2local
=035  \\$a(OCoLC)ocn175564410
=035  \\$a(OCoLC)81004050
=040  \\$aNjP$cPUL$dPUL
=035  \\$a(OCoLC)175564410
=035  \\$a(CStRLIN)NJPG88-B57115
=035  \\$9ACF4545TS
=035  \\$a(NjP)478855
=079  \\$aocm81004050
=049  \\$aPULL
=100  1\$6880-01$aQummī, Muḥammad ibn Aḥmad,$d10th/11th cent.$0http://id.loc.gov/authorities/names/nr90003667
=245  10$6880-02$aMiʼat manqabah min manāqib Amīr al-Muʼminīn ʻAlī ibn Abī Ṭālib wa-al-aʼimmah min waladihi, ʻalayhim al-salām, min ṭarīq al-ʻāmmah /$ctaʼlīf Abī al-Ḥasan Muḥammad ibn Aḥmad ibn ʻAlī ibn al-Ḥasan al-Qummī al-maʻrūf bi-Ibn Shādhān.
=250  \\$6880-03$aal-Ṭabʻah 1., al-muḥaqqaqah al-musannadah.
=260  \\$6880-04$aQum :$bMadrasat al-Imām al-Mahdī,$c1407 [1987]
=300  \\$a206 p. :$bill. ;$c24 cm.
=500  \\$aTitle page partially vocalized.
=504  \\$aIncludes bibliographical references.
=600  00$6880-05$aʻAlī ibn Abī Ṭālib,$cCaliph,$d600 (ca.)-661$xHadith.
=650  \0$aHadith (Shiites)
=880  1\$6100-01/r$aقمي، محمد بن احمد،$d10th/11th cent.
=880  10$6245-02/r$aمئة منقبة من مناقب امير المؤمنين علي بن ابي طالب والائمة من ولده، عليهم السلام، من طريق العامة /$cتأليف ابي الحسن محمد بن احمد بن علي بن الحسن القمي المعروف بابن شاذان.
=880  \\$6250-03/r$aالطبعة 1.، المحققة المسندة.
=880  \\$6260-04/r$aقم :$bمدرسة الامام المهدي،$c1407 [1987]
=880  00$6600-05/r$aعلي بن ابي طالب،$cCaliph,$d600 (ca.)-661$xHadith.
=998  \\$a02/27/90$s9118$nNjP$wNJPG88B57115$d11/15/88$cJEB$bJEB$i900227$lNJPG
=911  \\$a19921028
=912  \\$a19910104000000.0
=994  \\$aC0$bPUL
=999  \\$a478855
=852  00$0520356$brcppa$t1$hBP193.1.A2$iQ565 1987$xtr fr nec
=959  \\$a2000-06-13 00:00:00 -0400

