=LDR  01193cam a2200325 a 4500
=001  479806
=003  NjP
=005  20171013103014.0
=008  881118m19869999ir\\\\\\\b\\\\000|0\ara\d
=024  7\$aprinceton_aco002914$2local
=035  \\$a(OCoLC)31461653
=035  \\$a(CStRLIN)NJPG88-B57994
=035  \\$9ACF5496TS
=040  \\$aNjP$cNjP
=041  1\$aara$hper
=100  1\$aDastʹghayb, ʻAbd al-Ḥusayn.
=245  10$aSilsilat uṣūl al-dīn /$cʻAbd al-Ḥusayn Dastʹghayb al-Shīrāzī ; tarjamat Aḥmad al-Qabbānchī.
=260  \\$aQum, Īrān :$bMuʾassasat Dār al-Kitāb,$c1406- [1986- ]
=300  \\$av. ;$c22 cm.
=500  \\$aTranslated from the Persian.
=504  \\$aIncludes bibliographical references.
=505  1\$ajuzʾ 2. al-ʻAdl.
=650  \0$aIslam$xMiscellanea.$0http://id.loc.gov/authorities/subjects/sh2008104945
=998  \\$a11/03/94$s9118$nNjP$wNJPG88B57994$d11/18/88$cJEB$bKC$i941103$lNJPG
=911  \\$a19941111
=912  \\$a19941103000000.0
=852  01$0521353$brcppa$t1$hBP161.2$i.D377125 1986$xtr fr arab
=866  \0$0521353$80$ajuzʾ 2 (published in 1986)
=866  \0$0521353$80$xDESIGNATOR: juzʾ
=959  \\$a2000-06-13 00:00:00 -0500

