=LDR  01794cam a2200397 a 4500
=001  480461
=003  NjP
=005  20190705140832.0
=008  881122s1987\\\\ir\\\\\\\b\\\\000\0\ara\d
=024  7\$aprinceton_aco003644$2local
=040  \\$aNjP$cPUL$dPUL
=035  \\$a(CStRLIN)NJPG88-B58603
=035  \\$9ACF6152TS
=035  \\$a(NjP)480461
=049  \\$aPULL
=035  \\$a(OCoLC)ocm26476481
=100  1\$6880-01$aʻĀmilī, Jaʻfar Murtaḍá.
=245  13$6880-02$aal-Mawāsim wa-al-marāsim /$cal-muʼallif Jaʻfar Murtaḍá al-ʻĀmilī.
=250  \\$6880-03$aal-Ṭabʻah 2.
=260  \\$6880-04$aṬihrān, al-Jumhūrīyah al-Islāmīyah fī Īrān :$bMuʻāwanīyat al-ʻAlāqāt al-Dawlīyah fī Munaẓẓamat al-Iʻlām al-Islāmī,$c1987.
=300  \\$a130 p. ;$c22 cm.
=504  \\$aIncludes bibliographical references (p. 119-130).
=650  \0$aFasts and feasts$xShīʻah.$0http://id.loc.gov/authorities/subjects/sh85047425
=650  \0$aIslam$xCustoms and practices.$0http://id.loc.gov/authorities/subjects/sh87005732
=880  1\$6100-01/r$aعاملي، جعفر مرتضى.
=880  12$6245-02/r$aالمواسم والمراسم /$cالمؤلف جعفر مرتضى العاملي.
=880  \\$6250-03/r$aالطبعة 2.
=880  \\$6260-04/r$aطهران، الجمهورية الاسلامية في ايران :$bمعاونية العلاقات الدولية في منظمة الاعلام الاسلامي،$c1987.
=998  \\$a08/12/92$s9118$nNjP$wNJPG88B58603$d11/22/88$cJEB$bJEB$i920812$lNJPG
=911  \\$a19921028
=912  \\$a19920812000000.0
=994  \\$aC0$bPUL
=999  \\$a480461
=979  \\$a(OCoLC)ocn175577596
=852  00$0522043$brcppa$t1$hBP194.5$i.A444 1987$xtr fr arab
=959  \\$a2000-06-13 00:00:00 -0400

