=LDR  00834cam a2200253 a 4500
=001  481747
=003  NjP
=005  20120522134922.0
=008  881201s1987\\\\ir\\\\\\\\\\\\00010\ara\d
=024  7\$aprinceton_aco002895$2local
=035  \\$a(OCoLC)82027445
=035  \\$a(CStRLIN)NJPG88-B59784
=035  \\$9ACF7441TS
=040  \\$aNjP$cNjP
=100  1\$aṢāwī, Ṣalāḥ.
=245  10$aFarādīs al-bayān :$bqaṣīdah /$cṢalāḥ al-Ṣāwī.
=250  \\$aal-Ṭabʻah 1.
=260  \\$aṬihrān, Īrān :$bMuʾassasat Nahj al-Balāghah,$c1408 [1987 or 88]
=300  \\$a43 p. ;$c22 cm.
=998  \\$a12/07/88$s9114$nNjP$wNJPG88B59784$d12/01/88$cKVU$bMT$i881207$lNJPG
=911  \\$a19921028
=912  \\$a19900828000000.0
=852  00$0523407$brcppa$t1$hPJ7862.A823$iF37$xtr fr arab
=959  \\$a2000-06-13 00:00:00 -0500

