=LDR  01628cam a2200409 a 4500
=001  496552
=003  NjP
=005  20190705140849.0
=008  890228s1984\\\\ir\\\\\\\\\\\\000\0\ara\d
=024  7\$aprinceton_aco003854$2local
=040  \\$aNN$cPUL$dPUL
=035  \\$a(CStRLIN)NJPG89-B10157
=035  \\$9ACH2315TS
=035  \\$a(NjP)496552
=049  \\$aPULL
=035  \\$a(OCoLC)ocm22068643
=100  1\$6880-01$aMudarrisī, Muḥammad Taqī.
=245  13$6880-02$aal-Duʻāʼ :$bmiʻrāj al-rūḥ wa-minhāj al-ḥayāh /$cMuḥammad Taqī al-Mudarrisī.
=250  \\$6880-03$aal-Ṭabʻah 1.
=260  \\$6880-04$a[Qum] :$bal-Markaz al-Thaqāfī al-Islāmī,$c1405 [1984]
=300  \\$a254 p. ;$c24 cm.
=504  \\$aIncludes bibliographical references.
=650  \0$aDaʻwah (Islam)$0http://id.loc.gov/authorities/subjects/sh85035941
=650  \0$6880-05$aShīʻah$xDoctrines.$0http://id.loc.gov/authorities/subjects/sh85121391
=880  1\$6100-01/r$aمدرسي، محمد تقي.
=880  12$6245-02/r$aالدعاء :$bمعراج الروح ومنهاج الحياة /$cمحمد تقي المدرسي.
=880  \\$6250-03/r$aالطبعة 1.
=880  \\$6260-04/r$a[قم] :$bالمركز الثقافي الاسلامي،$c1405 [1984]
=880  \0$6650-05/r$aشيعة$xDoctrines.
=998  \\$a05/15/90$s9114$nNjP$wNYPG90B27828$d02/28/89$cJEB$bJEB$i900515$lNJPG
=911  \\$a19921028
=912  \\$a19910104000000.0
=994  \\$aC0$bPUL
=999  \\$a496552
=979  \\$a(OCoLC)ocn175704605
=852  00$0539995$brcppa$t1$hBP170.85$i.M82$xtr fr nec
=959  \\$a2000-06-13 00:00:00 -0400

