=LDR  01774cam a2200409 a 4500
=001  498123
=003  NjP
=005  20190705140854.0
=008  890308s1988\\\\ir\\\\\\\b\\\\000\0\ara\d
=024  7\$aprinceton_aco003964$2local
=040  \\$aNjP$cPUL$dPUL
=035  \\$a(CStRLIN)NJPG89-B11612
=035  \\$9ACH3887TS
=035  \\$a(NjP)498123
=049  \\$aPULL
=035  \\$a(OCoLC)ocm26629613
=100  1\$6880-01$aMashkīnī, ʻAlī.
=245  10$6880-02$aḤawāshī Kitāb al-muḍārabah wa-al-sharikah min al-ʻUrwah al-wuthqá /$cal-muḥāshshī ʻAlī al-Mashkīnī.
=250  \\$6880-03$aal-Ṭabʻah 1.
=260  \\$6880-04$aQum :$bDaftar Nashr al-Hādī,$c1409 [1988 or 1989]
=300  \\$a142 p. ;$c22 cm.
=504  \\$aIncludes bibliographical references.
=600  10$6880-05$aṬabāṭabāʼī al-Yazdī, Muḥammad Kāẓim,$d-1919.$tʻUrwah al-wuthqá.$kSelections.
=650  \0$aIslam$xCustoms and practices.$0http://id.loc.gov/authorities/subjects/sh87005732
=880  1\$6100-01/r$aمشكيني، علي.
=880  10$6245-02/r$aحواشي كتاب المضاربة والشركة من العروة الوثقى /$cالمحاشي علي المشكيني.
=880  \\$6250-03/r$aالطبعة 1.
=880  \\$6260-04/r$aقم :$bدفتر نشر الهادي،$c1409 [1988 or 1989]
=880  14$6600-05/r$aطباطبائي اليزدي، محمد كاظم،$d-1919.$tعروة الوثقى.$kSelections.
=998  \\$a09/11/92$s9118$nNjP$wNJPG89B11612$d03/08/89$cJEB$bJEB$i920911$lNJPG
=911  \\$a19921028
=912  \\$a19920911000000.0
=994  \\$aC0$bPUL
=999  \\$a498123
=979  \\$a(OCoLC)ocn175717708
=852  00$0541748$brcppa$t1$hBP174.T323$iM373 1988$xtr fr nec
=959  \\$a2000-06-13 00:00:00 -0400

