=LDR  01199cam a2200289 a 4500
=001  499185
=003  NjP
=005  20171013104206.0
=008  890313s1986\\\\ir\\\\\\\b\\\\000|0\ara\d
=024  7\$aprinceton_aco003837$2local
=035  \\$a(OCoLC)26629620
=035  \\$a(CStRLIN)NJPG89-B12589
=035  \\$9ACH4953TS
=040  \\$aNjP$cNjP
=100  1\$aShubbar, ʻAbd Allāh ibn Muḥammad Riḍā,$d1774 or 1775-1826 or 1827.$0http://id.loc.gov/authorities/names/n84028208
=245  13$aal-Anwār al-lāmiʻah fī sharḥ al-jāmiʻah /$cʻAbd Allāh Shubbar ; ṣaḥḥaḥahu wa-ʻallaqa ʻalayhi Jaʻfar al-Maḥmūdī.
=250  \\$aal-Ṭabʻah 1.
=260  \\$aMashhad :$bMuʼassasat al-Baʻthah,$c1407 [1986 or 1987]
=300  \\$a324 p. ;$c25 cm.
=504  \\$aIncludes bibliographical references (p. [319]-324).
=650  \0$aIslam$xEssence, genius, nature.$0http://id.loc.gov/authorities/subjects/sh85068398
=700  1\$aMaḥmūdī, Jaʻfar.
=998  \\$a09/09/92$s9118$nNjP$wNJPG89B12589$d03/13/89$cJEB$bJEB$i920909$lNJPG
=911  \\$a19921028
=912  \\$a19920909000000.0
=852  00$0543023$brcppa$t1$hBP163$i.S583 1986$xtr fr nec
=959  \\$a2000-06-13 00:00:00 -0400

