=LDR  01092cam a2200265 a 4500
=001  499199
=003  NjP
=005  20171013104206.0
=008  890313s1979\\\\ir\\\\\\\b\\\\000|0\ara\d
=024  7\$aprinceton_aco003357$2local
=035  \\$a(OCoLC)26629624
=035  \\$a(CStRLIN)NJPG89-B12600
=035  \\$9ACH4967TS
=040  \\$aNjP$cNjP
=100  1\$aBahārī al-Hamadānī, Muḥammad Bāqir,$d-1914 or 1915.$0http://id.loc.gov/authorities/names/nr96007803
=245  10$aDaʻwat al-Ḥusaynīyah ilá mawāhib Allāh al-sanīyah /$clil-ʻallāmah Muḥammad Bāqir al-Bahārī al-Hamadānī.
=260  \\$aQum :$bal-Maṭbaʻah al-ʻIlmīyah,$c1399 [1979]
=300  \\$a372 p. ;$c25 cm.
=504  \\$aIncludes bibliographical references.
=650  \0$aShīʻah$vPrayers and devotions.$0http://id.loc.gov/authorities/subjects/sh2010112936
=998  \\$a09/08/92$s9118$nNjP$wNJPG89B12600$d03/13/89$cJEB$bCDF$i920908$lNJPG
=911  \\$a19921028
=912  \\$a19970325040006.0
=852  00$0543038$brcppa$t1$hBP194.9.P7$iH342 1979$xtr fr arab
=959  \\$a2000-06-13 00:00:00 -0400

