=LDR  01320cam a2200397 a 4500
=001  500342
=003  NjP
=005  20180810122935.0
=008  890317s1983\\\\ir\\\\\\\b\\\\000\0\ara\d
=024  7\$aprinceton_aco003092$2local
=035  \\$a(OCoLC)26601045
=035  \\$a(OCoLC)ocn175734605
=035  \\$a(OCoLC)175734605
=035  \\$a(CStRLIN)NJPG89-B13651
=035  \\$9ACH6115TS
=035  \\$a(NjP)500342
=040  \\$aNjP$cPUL$dPUL
=049  \\$aPULL
=079  \\$aocm26601045
=100  1\$6880-01$aShaʻbān, Nabīl.
=245  10$6880-02$aJāmiʻ al-ziyārāt /$cNabīl al-Shaʻbān.
=250  \\$6880-03$aal-Ṭabʻah 1.
=260  \\$a[Iran] :$bN. Shaʻbān,$c1983.
=300  \\$a608 p. ;$c25 cm.
=504  \\$aIncludes bibliographical references.
=650  \0$aMuslim pilgrims and pilgrimages.$0http://id.loc.gov/authorities/subjects/sh85089070
=880  1\$6100-01/r$aشعبان، نبيل.
=880  10$6245-02/r$aجامع الزيارات /$cنبيل الشعبان.
=880  \\$6250-03/r$aالطبعة 1.
=998  \\$a09/02/92$s9118$nNjP$wNJPG89B13651$d03/17/89$cJEB$bJEB$i920902$lNJPG
=911  \\$a19921028
=912  \\$a19920902000000.0
=994  \\$aC0$bPUL
=999  \\$a500342
=852  00$0544249$brcppa$t1$hBP184.7$i.S522 1983$xtr fr arab
=959  \\$a2000-06-13 00:00:00 -0500

