=LDR  01492cam a2200301 a 4500
=001  501079
=003  NjP
=005  20180808123753.0
=008  890322m19779999ir\a\\\\\b\\\\001|0\ara\d
=024  7\$aprinceton_aco002749$2local
=035  \\$a(OCoLC)26578206
=035  \\$a(CStRLIN)NJPG89-B14328
=035  \\$9ACH6856TS
=040  \\$aNjP$cNjP
=100  1\$aʻAlawī, ʻAlī ibn al-Ḥusayn.
=240  10$aSelections
=245  13$aal-Rāfid :$bmajmūʻat kutub wa-rasāʾil tawjīhīyah fīhā al-qiṣṣah, al-shiʻr, al-tārīkh, al-adab, al-laṭāʾif, al-tafsīr, uṣūl al-ʻaqāʾid, uṣūl al-fiqh, al-ruʾyā, al-mawʻiẓah, al-ḥisāb, al-rijāl, al-maʻājiz, al-ḥadīth, al-lughah, al-rasāʾil, al-asʾilah wa-al-ajwibah, wa-ghayruhā /$cmin taʾlīfāt ʻAlī ibn al-Ḥusayn al-ʻAlawī.
=250  \\$aal-Ṭabʻah 1.
=260  \\$a[Iran] :$bMaktabatay al-Imām ʻAlī ibn al-Ḥusayn ;$aBaghdād :$bal-Jāmiʻ al-ʻAlawī ;$aQum :$bMasjid ʻAlawī,$c1398- [1977 or 1988- ]
=300  \\$av. :$bill. ;$c25 cm.
=504  \\$aIncludes bibliographical references (v. 1, p. 458-465) and indexes.
=650  \0$aIslamic literature.$0http://id.loc.gov/authorities/subjects/sh85068461
=998  \\$a08/28/92$s9118$nNjP$wNJPG89B14328$d03/22/89$cJEB$bJEB$i920828$lNJPG
=911  \\$a19921028
=912  \\$a19920828000000.0
=852  01$0545051$brcppa$t1$hBP88.A4282 1988$xtr fr arab
=866  \0$0545051$80$ajuzʾ 1
=959  \\$a2000-06-13 00:00:00 -0500

