=LDR  01131cam a2200265 a 4500
=001  501096
=003  NjP
=005  20180808123755.0
=008  890322s1985\\\\ir\\\\\\\\\\\\000|0\ara\d
=024  7\$aprinceton_aco004529$2local
=035  \\$a(OCoLC)26578210
=035  \\$a(CStRLIN)NJPG89-B14343
=035  \\$9ACH6873TS
=040  \\$aNjP$cNjP
=100  1\$aKhalkhālī, Ṣādiq.
=245  13$aal-Nikāḥ fī sharḥ Sharāyiʻ al-Islām lil-shaykh al-ajall Abī al-Qāsim Najm al-Dīn al-muḥaqqiq al-mudaqqiq al-Imām al-ʻallāmah Jaʻfar ibn Yaḥyá ibn Saʻīd (qaddasa sirrah) /$cli-muʾallifihi Ṣādiq al-Khalkhālī.
=260  \\$aQum :$bMahr,$c1364 [1985]
=300  \\$a758 p. ;$c24 cm.
=600  00$aMuḥaqqiq al-Ḥillī, Jaʻfar ibn al-Ḥasan,$d1205 or 6-1277.$tSharāʾiʻ al-Islām.
=650  \0$aMarriage (Islamic law)$0http://id.loc.gov/authorities/subjects/sh85081448
=998  \\$a08/28/92$s9118$nNjP$wNJPG89B14343$d03/22/89$cJEB$bJEB$i920828$lNJPG
=911  \\$a19921028
=912  \\$a19990707041726.0
=852  80$0545070$brcppa$t1$h2271.3553.7555$xtr fr f
=959  \\$a2000-06-13 00:00:00 -0500

