=LDR  01613cam a2200409 a 4500
=001  502270
=003  NjP
=005  20180808123923.0
=008  890329q19801989ir\\\\\\\\\\\\000\0\ara\d
=024  7\$aprinceton_aco003102$2local
=035  \\$a(OCoLC)ocn175749832
=040  \\$aNjP$cPUL$dPUL
=035  \\$a(OCoLC)175749832
=035  \\$a(CStRLIN)NJPG89-B15439
=035  \\$9ACH8047TS
=035  \\$a(NjP)502270
=079  \\$aocm26601094
=049  \\$aPULL
=100  1\$6880-01$aArākī, ʻIzzat Allāh ibn ʻAbd Allāh.
=240  10$6880-02$aMajmaʻ al-farāʼid
=245  10$6880-03$aHādhā kitāb Majmaʻ al-farāʼid /$cli-muʼallifihi ʻIzzat Allāh ibn ʻAbd Allāh al-Arākī.
=260  \\$6880-04$a[Iran] :$bIntishārāt Baṣīratī,$c[198-]
=300  \\$a216 p. ;$c24 cm.
=650  \0$aHadith (Shiites)$xTexts.$0http://id.loc.gov/authorities/subjects/sh91004163
=740  0\$6880-05$aMajmaʻ al-farāʼid.
=880  1\$6100-01/r$aاراكي، عزة الله بن عبد الله.
=880  10$6240-02/r$aمجمع الفرائد
=880  10$6245-03/r$aهذا كتاب مجمع الفرائد /$cلمؤلفه عزة الله بن عبد الله الاراكي.
=880  \\$6260-04/r$a[ايران] :$bانتشارات بصيرتي،$c[198-]
=880  0\$6740-05/r$aمجمع الفرائد.
=998  \\$a09/02/92$s9118$nNjP$wNJPG89B15439$d03/29/89$cJEB$bJEB$i920902$lNJPG
=911  \\$a19921028
=912  \\$a19920902000000.0
=994  \\$aC0$bPUL
=999  \\$a502270
=852  00$0546340$brcppa$t1$hBP193.26$i.A724 1980z$xtr fr arab
=959  \\$a2000-06-13 00:00:00 -0500

