=LDR  01886cam a2200433 a 4500
=001  504020
=003  NjP
=005  20190705140901.0
=008  890406s1973\\\\ir\\\\\\\\\\\\000\0\ara\d
=024  7\$aprinceton_aco004057$2local
=040  \\$aNjP$cPUL$dPUL
=035  \\$a(CStRLIN)NJPG89-B17047
=035  \\$9ACH9797TS
=035  \\$a(NjP)504020
=041  0\$aara$hper
=043  \\$aa-ir---$ama-----
=049  \\$aPULL
=035  \\$a(OCoLC)ocm30822666
=100  1\$6880-01$aSardār Kābulī, Ḥaydar Qulī Khān,$d1877-1952.$0http://id.loc.gov/authorities/names/n88202361
=245  10$6880-02$aGhāyat al-taʻdīl fī maʻrifat al-awzān wa-al-makāyīl /$ctaṣnīf-i Ḥaydar Qulī Khān Sardār Kābulī.
=260  \\$6880-03$a[Tehran] :$bShirkat-i Sihāmī-i Intishār,$c1352 [1973]
=300  \\$a13, 215 p. ;$c23 cm.
=500  \\$aText in Arabic (facsimile of ms.); summary and added table of contents by Aḥmad Ārām in Persian.
=650  \0$aWeights and measures, Arab.$0http://id.loc.gov/authorities/subjects/sh85145971
=650  \0$aWeights and measures$zIran.
=650  \0$aWeights and measures$zArab countries.
=700  1\$6880-04$aĀrām, Aḥmad.
=880  1\$6100-01/r$aسردار كابلي، حيدر قلي خان،$d1877-1952.
=880  10$6245-02/r$aغاية التعديل في معرفة الاوزان والمكاييل /$cتصنيفا حيدر قلي خان سردار كابلي.
=880  \\$6260-03/r$a[طهران] :$bشركت سهامي انتشار،$c1352 [1973]
=880  1\$6700-04/r$aآرام، احمد.
=998  \\$a07/13/94$s9114$nNjP$wNJPG89B17047$d04/06/89$cSVS$bES$i940713$lNJPG
=911  \\$a19940723
=912  \\$a19940713000000.0
=994  \\$aC0$bPUL
=999  \\$a504020
=979  \\$a(OCoLC)ocn175763979
=852  00$0548285$brcppa$t1$hQC85$i.K33$xtr fr anxa
=959  \\$a2000-06-13 00:00:00 -0400

