=LDR  01610cam a2200409 a 4500
=001  506327
=003  NjP
=005  20180808124450.0
=008  890419s1984\\\\ir\\\\\\\\\\\\000\0\ara\d
=024  7\$aprinceton_aco003235$2local
=035  \\$a(OCoLC)ocn175782481
=035  \\$a(OCoLC)25877520
=040  \\$aNjP$cPUL$dPUL
=035  \\$a(OCoLC)175782481
=035  \\$a(CStRLIN)NJPG89-B19205
=035  \\$9ACJ2107TS
=035  \\$a(NjP)506327
=079  \\$aocm25877520
=049  \\$aPULL
=100  1\$6880-01$aKāshī, ʻAbd al-Wahhāb.
=245  10$6880-02$aMaʼsāt al-Ḥusayn bayna al-sāʼil wa-al-mujīb /$cʻAbd al-Wahhāb al-Kāshī.
=250  \\$6880-03$aal-Ṭabʻah 2, mazīdah wa-munaqqaḥah wa-muṣaḥḥaḥah.
=260  \\$6880-04$aQum :$bManshūrāt al-Riḍá,$c1363 [1984]
=300  \\$a168 p. ;$c24 cm.
=600  00$6880-05$aḤusayn ibn ʻAlī,$d-680$0http://id.loc.gov/authorities/names/n79142777
=880  1\$6100-01/r$aكاشي، عبد الوهاب.
=880  10$6245-02/r$aمأسات الحسين بين السائل والمجيب /$cعبد الوهاب الكاشي.
=880  \\$6250-03/r$aالطبعة 2، مزيدة ومنقحة ومصححة.
=880  \\$6260-04/r$aقم :$bمنشورات الرضى،$c1363 [1984]
=880  00$6600-05/r$aحسين بن علي،$dd. 680.
=998  \\$a05/11/92$s9118$nNjP$wNJPG89B19205$d04/19/89$cJAB$bJAB$i920511$lNJPG
=911  \\$a19921028
=912  \\$a19920511000000.0
=994  \\$aC0$bPUL
=999  \\$a506327
=852  00$0550896$brcppa$t1$hBP193.13$i.K335 1984$xtr fr arab
=959  \\$a2000-06-13 00:00:00 -0400

