=LDR  01140cam a2200325 a 4500
=001  513110
=003  NjP
=005  20171017100147.0
=008  890525s1962\\\\sy\a\\\\\b\\\\000|0\ara\d
=024  7\$aprinceton_aco004687$2local
=035  \\$a(OCoLC)26629642
=035  \\$a(CStRLIN)NJPG89-B25565
=035  \\$9ACJ8911TS
=040  \\$aNjP$cNjP
=043  \\$aa-sy---
=100  1\$aAʻsar, Yumn.
=245  13$aal-Wasāʾil al-muʻīnah wa-ṭuruq intājihā /$cYumn al-Aʻsar, Jūzīf ʻAbbūd Kubbah, Aḥmad Rustum.
=250  \\$aal-Ṭabʻah 2.
=260  \\$aḤalab :$bMaktabat al-Sharq,$c1962.
=300  \\$a224 p. :$bill. ;$c23 cm.
=504  \\$aIncludes bibliographical references (p. 224).
=650  \0$aTeaching$xAids and devices.$0http://id.loc.gov/authorities/subjects/sh85133053
=650  \0$aEducation$zSyria.
=700  1\$aKubbah, Jūzīf ʻAbbūd.
=700  1\$aRustum, Aḥmad.
=998  \\$a09/10/92$s9118$nNjP$wNJPG89B25565$d05/25/89$cJEB$bJEB$i920910$lNJPG
=911  \\$a19921028
=912  \\$a19920910000000.0
=852  00$0558409$brcppa$t1$hLB1044.88$i.A827 1962$xtr fr arab
=959  \\$a2000-06-13 00:00:00 -0500

