=LDR  00917cam a2200289 a 4500
=001  513205
=003  NjP
=005  20120805153259.0
=008  890525q19501959ua\c\\\\\b\\\\00010bara\d
=024  7\$aprinceton_aco003977$2local
=035  \\$a(OCoLC)22322805
=035  \\$a(CStRLIN)NJPG89-B25653
=035  \\$9ACJ9006TS
=040  \\$aNjP$cNjP
=100  1\$aṢubayḥ, Muḥammad.
=245  10$aSitālīn /$cMuḥammad Ṣubayḥ ʻAbd al-Qādir.
=260  \\$aal-Qāhirah :$bDār al-Thaqāfah al-ʻĀmmah,$c[195-]
=300  \\$a157 p. ;$c17 cm.
=490  0\$aKitāb al-shahr
=504  \\$aBibliography: p. [155]
=600  00$aStalin, Joseph,$d1879-1953.
=740  0\$aStālīn.
=998  \\$a05/25/89$s9114$nNjP$wNJPG89B25653$d05/25/89$cDGH$bDGH$i890525$lNJPG
=911  \\$a19921028
=912  \\$a19900508000000.0
=852  00$0558510$brcppa$t1$hDK268.S8$iS82$xtr fr anxafst
=959  \\$a2000-06-13 00:00:00 -0400

