=LDR  01347cam a2200313 a 4500
=001  520476
=003  NjP
=005  20171017100918.0
=008  890630s1982\\\\ir\\\\\\\\\\\f00010\arar\
=024  7\$aprinceton_aco002802$2local
=010  \\$a   84930547/NE 
=035  \\$a(OCoLC)13643167
=035  \\$a(CStRLIN)NJPG89-B32469
=035  \\$9ACK6297TS
=040  \\$dCStRLIN
=043  \\$aa-ir---
=050  0\$aBP163$b.K538 1982
=100  1\$aKhomeini, Ruhollah.
=245  10$aNidāʾ al-thawrah al-Islāmīyah :$bʻarḍ li-ṭāʾifah min nidāʾāt al-Imām al-Khumaynī ilá abnāʾ al-ʻālam al-Islāmī /$c[iʻdād, Muḥammad ʻAlī Ḥusayn].
=260  \\$aṬihrān :$bMarkaz Iʻlām al-Dhikrá al-Thālithah li-Intiṣār al-Thawrah al-Islāmīyah, al-Majlis al-Tansīqī lil-Iʻlām al-Islāmī,$c1402 [1982]
=300  \\$a118 p. ;$c21 cm.
=650  \0$aIslam$y20th century.$0http://id.loc.gov/authorities/subjects/sh85068392
=651  \0$aIran$xPolitics and government$y1979-1997.$0http://id.loc.gov/authorities/subjects/sh85067913
=700  1\$aḤusayn, Muḥammad ʻAlī.
=998  \\$a06/30/89$s9110$nNjP$wDCLC84930547B$d06/30/89$cJCB$bJCB$i890630$lNJPG
=911  \\$a19921028
=912  \\$a19990816054400.0
=852  00$0566481$brcppa$t1$hBP163$i.K538 1982$xtr fr arab
=959  \\$a2000-06-13 00:00:00 -0500

