=LDR  01719cam a2200385Ia 4500
=001  5340579
=003  NjP
=005  20181008171840.0
=008  071227m19231949ua\c\\\\\\\\\\000\0\ara\d
=024  7\$aprinceton_aco004658$2local
=035  \\$a(OCoLC)ocn185040974
=040  \\$aPUL$cPUL
=066  \\$c(3
=035  \\$a(OCoLC)185040974
=043  \\$aar-----$aa-ba---$aa-iq---
=049  \\$aPULL
=100  1\$6880-01$aNabhānī, Muḥammad ibn Khalīfah,$d-1950.$0http://id.loc.gov/authorities/names/nr94001441
=245  10$6880-02$aTuḥfah al-Nabhānīyah fī tārīkh al-Jazīrah al-ʻArabīyah /$ctaʼlīf Muḥammad ibn Khalīfah ibn Ḥamad ibn Mūsá al-Nabhānī.
=250  \\$6880-03$aal-Ṭabʻah 2.
=260  \\$6880-04$aMiṣr :$bal-Maṭbaʻat al-Maḥmūdīyah,$c1342-1368 [1923-1949]
=300  \\$a2 v. :$bports. ;$c21 cm.
=500  \\$aVolume numbering provided by the cataloger.
=651  \0$aArabian Peninsula$xHistory.$0http://id.loc.gov/authorities/subjects/sh2006007466
=651  \0$aBahrain$xHistory.
=651  \0$aBaṣrah (Iraq)$xHistory.
=880  1\$6100-01/(3/r$aنبهاني، محمد بن خليفه،$d-1950.
=880  10$6245-02/(3/r$aتحفة النبهانية في تاريخ الجزيرة العربية /$cتأليف محمد بن خليفه بن حمد بن موسى النبهاني.
=880  \\$6250-03/(3/r$aالطبعة 2.
=880  \\$6260-04/(3/r$aمصر :$bالمطبعة المحمودية،$c1342-1368 [1923-1949]
=994  \\$aC0$bPUL
=902  \\$akc$bo$6a$7m$dv$f2$e20071227
=852  8\$05502701$brcppa$h2272.6967.391 1923
=866  \0$05502701$aJuzʼ 1-juzʼ 2
=866  \0$05502701$xDESIGNATOR: juzʼ
=959  \\$a2007-12-27 14:25:44 -0500

