=LDR  01852cam a2200397 a 4500
=001  542307
=003  NjP
=005  20190705140924.0
=008  890201s1987\\\\ir\\\\\\\b\\\\000\0\ara\d
=024  7\$aprinceton_aco004015$2local
=040  \\$aNjP$cPUL$dPUL
=035  \\$a(CStRLIN)NJPG89-B5299
=035  \\$9ACM8189TS
=035  \\$a(NjP)542307
=049  \\$aPULL
=035  \\$a(OCoLC)ocm26453197
=100  1\$6880-01$aHamadānī, Aḥmad al-Raḥmānī.
=245  13$6880-02$aal-Imām ʻAlī ibn Abī Ṭālib, ʻalayhi al-salām :$bman ḥubbuhu ʻunwān al-ṣaḥīfah, li-aqalla al-ʻibād, turāb aqdām al-mutamassikīn bi-ḥabl al-wilāʼ al-ʻalawī \$cAḥmad al-Raḥmānī al-Hamadānī.
=250  \\$6880-03$aChāp-i 1.
=260  \\$6880-04$aTihrān :$bMaktabat al-Ṣadūq,$c1366 [1987]
=300  \\$a612 p. ;$c25 cm.
=504  \\$aIncludes bibliographical references.
=600  00$6880-05$aʻAlī ibn Abī Ṭālib,$cCaliph,$dca. 600-661$xHadith.
=880  1\$6100-01/r$aهمداني، احمد الرحمني.
=880  12$6245-02/r$aالامام علي بن ابي طالب، عليه السلام :$bمن حبه عنوان الصحيفة، لاقل العباد، تراب اقدام المتمسكين بحبل الولاء العلوي \$cاحمد الرحمني الهمداني.
=880  \\$6250-03/r$aچاپا 1.
=880  \\$6260-04/r$aتهران :$bمكتبة الصدوق،$c1366 [1987]
=880  00$6600-05/r$aعلي بن ابي طالب،$cCaliph,$dca. 600-661$xHadith.
=998  \\$a07/29/92$s9118$nNjP$wNJPG89B5299$d02/01/89$cJEB$bJEB$i920729$lNJPG
=911  \\$a19921028
=912  \\$a19920729000000.0
=994  \\$aC0$bPUL
=999  \\$a542307
=979  \\$a(OCoLC)ocn176049824
=852  00$0591194$brcppa$t1$hBP193.1.A2$iH352 1987$xtr fr arab
=959  \\$a2000-06-13 00:00:00 -0400

