=LDR  01364cam a2200325 a 4500
=001  577135
=003  NjP
=005  20171018095322.0
=008  900501m19889999ir\\\\\\\b\\\\00010\ara\d
=024  7\$aprinceton_aco003493$2local
=035  \\$a(OCoLC)23932499
=035  \\$a(CStRLIN)NJPG90-B19039
=035  \\$9ACR3159TS
=040  \\$aNjP$cNjP
=100  2\$aMakārim Shīrāzī, Nāṣir.
=245  10$aTaʻlīqāt ʻalá al-ʻUrwah al-wuthqá /$cMakārim Shīrāzī.
=250  \\$aal-Ṭabʻah 1.
=260  \\$aQum :$bMadrasat al-Imām Amīr al-Muʼminīn,$c1409- [1988 or 1989- ]
=300  \\$av. ;$c25 cm.
=504  \\$aIncludes bibliographical references.
=505  1\$aal-juzʼ 1. Min bāb al-ḥajj ilá ākhir abwāb al-waṣīyah -- al-juzʼ 2. Min kitāb al-ḥajj ilá ākhir abwāb al-waṣīyah.
=600  10$aṬabāṭabāʼī al-Yazdī, Muḥammad Kāẓim,$d-1919.$tʻUrwah al-wuthqá.
=650  \0$aIslam$xCustoms and practices.$0http://id.loc.gov/authorities/subjects/sh87005732
=650  \0$aShīʻah.$0http://id.loc.gov/authorities/subjects/sh85121390
=998  \\$a07/13/94$s9114$nNjP$wNJPG90B19039$d05/01/90$cJEB$bKC$i940713$lNJPG
=911  \\$a19940723
=912  \\$a19940713000000.0
=852  01$0630521$brcppa$hBP174$i.M34$xtr fr arab
=866  \0$0630521$amujallad 1-2
=959  \\$a2000-06-13 00:00:00 -0400

