=LDR  01283cam a2200301Ia 4500
=001  6001221
=003  NjP
=005  20190705165245.0
=008  091201s1887\\\\ir\\\\\\\\\\\\000\0\ara\d
=024  7\$aprinceton_aco004425$2local
=040  \\$aPUL$cPUL
=050  \4$aKBP144$b.N342
=049  \\$aPULL
=035  \\$a(OCoLC)ocn471897405
=100  1\$6880-01$aNajafī, Muḥammad Ḥasan ibn Bāqir,$dapproximately 1788-1850.$0http://id.loc.gov/authorities/names/nr93010369
=245  10$6880-02$aRisālah jāmiʻah mushtamilah ʻalá rasāʼil shattá /$cmin taʼlīfāt Muḥammad Ḥasan.
=260  \\$a[Tehran :$bs.n.,$c1887?]
=300  \\$a1 v. (unpaged) ;$c22 cm.
=500  \\$aLithographed.
=650  \0$aIslamic law.$0http://id.loc.gov/authorities/subjects/sh85068454
=650  \0$aIslam$xCustoms and practices.$0http://id.loc.gov/authorities/subjects/sh87005732
=880  1\$6100-01/r$aنجفي، محمد حسن بن باقر،$dapproximately 1788-1850.
=880  10$6245-02/r$aرسالة جامعة مشتملة على رسائل شتى /$cمن تأليفات محمد حسن.
=994  \\$aC0$bPUL
=902  \\$akc$br$6a$7m$dv$f0$e20091201
=979  \\$a(OCoLC)ocn471877557
=852  8\$06061007$brcppa$h2272.698405.377.1887$xtr fr f
=959  \\$a2009-12-01 14:29:27 -0500

