=LDR  01612cam a2200313 a 4500
=001  614873
=003  NjP
=005  20170605130937.0
=008  901203s1989\\\\ir\h\\\\\b\\\\00010\ara\d
=024  7\$aprinceton_aco003524$2local
=035  \\$a(OCoLC)24657236
=035  \\$a(CStRLIN)NJPG90-B54279
=035  \\$9ACV0990TS
=040  \\$aNjP$cNjP
=100  1\$aIbn al-Shahīd al-Thānī, al-Ḥasan,$d1551 or 1552-1602 or 1603.$0http://id.loc.gov/authorities/names/nr90003653
=245  13$aal-Taḥrīr al-Tāwūsī :$bal-mustakhraj min kitāb "Ḥall al-ishkāl fī maʻrifat al-rijāl" lil-Sayyid Aḥmad ibn Tāwūs al-Ḥusaynī ... /$ctaʼlīf Ḥasan ibn Zayn al-Dīn al-Shahīd al-Thānī ; ḥaqqaqahu wa-ʻallaqa ʻalayhi Muḥammad Ḥasan Tarḥīnī.
=260  \\$aQum, Īrān :$bDār al-Dhakhāʼir,$c1368 [1989]
=300  \\$a352 p. :$bfacsims. ;$c25 cm.
=534  \\$pReprint. Originally published:$cBayrūt : Muʼassasat al-Aʻlamī, 1988. 1st ed.
=500  \\$aTitle page partially vocalized.
=504  \\$aIncludes bibliographical references (p. 348).
=650  \0$aHadith (Shiites)$xAuthorities$xEarly works to 1800.
=700  1\$aTarḥīnī, Muḥammad Ḥasan.
=700  12$aIbn Ṭāwūs, Aḥmad ibn Mūsá,$d-1274.$tḤall al-ishkāl fī maʻrifat al-rijāl.$kSelections.$0http://id.loc.gov/authorities/names/nr89015513
=998  \\$a12/03/90$s9114$nNjP$wNJPG90B54279$d12/03/90$cKVV$bKVV$i901203$lNJPG
=911  \\$a19921028
=912  \\$a19910104000000.0
=852  00$0674260$brcppa$t1$hBP193.28$i.I263 1989$xtr fr nec
=959  \\$a2000-06-13 00:00:00 -0400

