=LDR  02318cam a2200433 a 4500
=001  620099
=003  NjP
=005  20190705141043.0
=008  900213q19801989ir\\\\\\\\\\\\000\0\ara\d
=024  7\$aprinceton_aco004392$2local
=040  \\$aNjP$cPUL$dPUL
=035  \\$a(CStRLIN)NJPG90-B7097
=035  \\$9ACV6233TS
=035  \\$a(NjP)620099
=049  \\$aPULL
=019  \\$a36865064
=035  \\$a(OCoLC)ocm20851518$z(OCoLC)ocm36865064
=100  1\$6880-01$aIbn al-Muṭahhar al-Ḥillī, al-Ḥasan ibn Yūsuf,$d1250-1325.$0http://id.loc.gov/authorities/names/n84166554
=245  10$6880-02$aKashf al-murād fī sharḥ Tajrīd al-iʻtiqād /$clil-ʻālim Jamāl al-Dīn Abū Manṣūr al-Ḥasan ibn Yūsuf Ibn al-Muṭahhar al-Ḥillī.
=260  \\$6880-03$aQum :$bMaktabat al-Muṣṭafawī,$c[198-]
=300  \\$a351 p. ;$c24 cm.
=600  10$6880-04$aṬūsī, Naṣīr al-Dīn Muḥammad ibn Muḥammad,$d1201-1274.$tTajrīd al-iʻtiqād.$0http://id.loc.gov/authorities/names/n99046790
=650  \0$aGod (Islam)$0http://id.loc.gov/authorities/subjects/sh85055570
=650  \0$aIsmailites.$0http://id.loc.gov/authorities/subjects/sh85068625
=650  \0$aIslam$xDoctrines.$0http://id.loc.gov/authorities/subjects/sh85068396
=700  12$6880-05$aṬūsī, Nāṣir al-Dīn Muḥammad ibn Muḥammad,$d1201-1274.$tTajrīd al-iʻtiqād.$f1980.
=880  1\$6100-01/r$aابن المطهر الحلي، الحسن بن يوسف،$d1250-1325.
=880  10$6245-02/r$aكشف المراد في شرح تجريد الاعتقاد /$cللعالم جمال الدين ابو منصور الحسن بن يوسف ابن المطهر الحلي.
=880  \\$6260-03/r$aقم :$bمكتبة المصطفوي،$c[198-]
=880  10$6600-04/r$aطوسي، نصير الدين محمد بن محمد،$d1201-1274.$tتجريد الاعتقاد.
=880  12$6700-05/r$aطوسي، ناصير الدين محمد بن محمد،$d1201-1274.$tتجريد الاعتقاد.$f1980.
=998  \\$a02/19/90$s9114$nNjP$wNJPG90B7097$d02/13/90$cJAB$bJAB$i900219$lNJPG
=911  \\$a19921028
=912  \\$a19910104000000.0
=994  \\$aC0$bPUL
=999  \\$a620099
=979  \\$a(OCoLC)ocn176054330
=852  80$0680505$brcppa$t1$h2272.7015.741 1980$xtr fr f
=959  \\$a2000-06-13 00:00:00 -0500

