=LDR  01190cam a2200337Ia 4500
=001  6422699
=003  NjP
=005  20190705172710.0
=008  110218s1962\\\\sy\a\\\\\\\\\\000\0\ara\d
=024  7\$aprinceton_aco004622$2local
=040  \\$aPUL$cPUL
=090  \\$aBP131.6$b.S223 1962
=049  \\$aPULL
=035  \\$a(OCoLC)ocn702651163
=100  1\$6880-01$aṢabbāgh, ʻAbd Allāh Tawfīq.
=245  10$6880-02$aFann al-tartīl /$cʻAbd Allāh Tawfīq al-Ṣabbāgh.
=250  \\$6880-03$aal-Ṭabʻah 3
=260  \\$6880-04$aDimashq :$bMaktabah Dār al-Fatḥ,$c1962.
=300  \\$a64 p. :$bill. ;$c20 cm.
=504  \\$aIncludes bibliographical references.
=630  00$aQurʼan$xRecitation.
=630  00$aQurʼan$xReadings.
=880  1\$6100-01/r$aصباغ، عبد الله توفيق.
=880  10$6245-02/r$aفن الترتيل /$cعبد الله توفيق الصباغ.
=880  \\$6250-03/r$aالطبعة 3
=880  \\$6260-04/r$aدمشق :$bمكتبة دار الفتح،$c1962.
=994  \\$aC0$bPUL
=902  \\$ajyn$bo$6a$7m$dv$f0$e20110218
=979  \\$a(OCoLC)ocn702644629
=852  8\$06406445$brcppa$h2273.894$xtr fr f
=959  \\$a2011-02-18 10:53:17 -0500

