=LDR  01879cam a2200385Ia 4500
=001  6444656
=003  NjP
=005  20190705172734.0
=008  110303s1938\\\\ua\\\\\\\b\\\\001\0\ara\d
=024  7\$aprinceton_aco004595$2local
=040  \\$aNYP$cPUL$dOCLCG$dCUY$dPUL
=043  \\$ama-----
=050  \4$aDS62.4$b.M861
=049  \\$aPULL
=035  \\$a(OCoLC)ocm26957060
=100  1\$6880-01$aMuʼnis, Ḥusayn,$d1911-$0http://id.loc.gov/authorities/names/n83152176
=245  13$6880-02$aal-Sharq al-Islamī fī al-ʻaṣr al-ḥadīth /$ctaʼlīf Ḥusayn Muʼnis.
=250  \\$6880-03$aal-Ṭabʻah 2.
=260  \\$6880-04$aal-Qāhirah :$bal-Maktabah al-Tijārīyah al-Kubrá :$bMaṭbaʻat Ḥijāzī,$c1938.
=300  \\$a467 p., 1 folded map ;$c25 cm.
=504  \\$aIncludes bibliographical references and indexes.
=651  \0$aArab countries$xPolitics and government.$0http://id.loc.gov/authorities/subjects/sh85006285
=651  \0$aArab countries$xRelations$zEurope.
=651  \0$aEurope$xRelations$zArab countries.
=776  08$iOnline version:$aMuʼnis, Ḥusayn, 1911-$tSharq al-Islamī fī al-ʻaṣr al-ḥadīth.$bal-Ṭabʻah 2.$dal-Qāhirah : al-Maktabah al-Tijārīyah al-Kubrá : Maṭbaʻat Ḥijāzī, 1938$w(OCoLC)682840672
=880  0\$6100-01/r$aحسين مؤنس.
=880  12$6245-02/r$aالشرق الإسلامي في العصر الحديث /$cتأليف حسين مؤنس.
=880  \\$6250-03/r$aالطبعة ٢.
=880  \\$6260-04/r$aالقاهرة :$bالمكتبة التجارية الكبرى :$bمطبعة حجازي،$c١٩٣٨.
=880  \\$6500-00/r$aAt head of title: لجنة الجامعيين لنشر العلم.
=994  \\$aC0$bPUL
=902  \\$ajyn$br$6a$7m$dv$f0$e20110303
=979  \\$a(OCoLC)ocn704932325
=852  8\$06426013$brcppa$h2272.68947.381$xtr fr f
=959  \\$a2011-03-03 11:40:48 -0500

