=LDR  01511cam a2200337Ia 4500
=001  6531035
=003  NjP
=005  20110422114209.0
=008  040603s1946\\\\le\a\\\\\\\\\\100\0\ara\d
=024  7\$aprinceton_aco002163$2local
=035  \\$a(OCoLC)ocm55537808
=040  \\$aZYU$cZYU
=066  \\$c(3
=035  \\$a(OCoLC)55537808
=043  \\$aa-le---
=090  \\$aDS86$b.M8 1946
=049  \\$aPULL
=111  2\$6880-01$aMuʾtamar al-Waṭanī al-Lubnānī$c(Beirut :$d1946)
=245  10$6880-02$aDhikrá thawrat Tishrīn :$byuḥiyihā al-Muʾtamar al-Waṭanī al-Lubnānī : majmūʻat al-khuṭub allatī ulqiyat fī al-ḥaflah al-shaʻbīyah bi-tārīkh 17 Tishrīn al-Thānī sanat 1946.
=260  \\$6880-03$aBayrūt :$bMaṭābiʻ Ṣādir Rīḥānī,$c1946.
=300  \\$a49 p. :$bill. ;$c22 cm.
=500  \\$aCover title.
=651  \0$aLebanon$xHistory$y1946-
=651  \0$aLebanon$xPolitics and government$y1946-
=880  2\$6111-01/(3/r$aمؤتمر الوطني اللبناني
=880  10$6245-02/(3/r$aذكرى ثورة تشرين :$bيحييها المؤتمر الوطني اللبناني : مجموعة الخطب التي ألقيت في الحفلة الشعبية بتاريخ ١٧ تشرين الثاني سنة ١٩٤٦.
=880  \\$6260-03/(3/r$aبيروت :$bمطابع صادر ريحاني،$c١٩٤٦.
=994  \\$aC0$bPUL
=902  \\$ajab$br$6a$7m$dv$f0$e20110422
=852  0\$06502828$bnec$hDS86$i.M8 1946
=959  \\$a2011-04-22 09:06:57 -0400

