=LDR  01832cam a2200385Ia 4500
=001  6544352
=003  NjP
=005  20190319173821.0
=008  880722s1975\\\\ir\ah\\\\b\\\\001\0\arard
=024  7\$aprinceton_aco004206$2local
=035  \\$a(OCoLC)ocm18259016
=040  \\$aWAU$cWAU$dOSU$dGZM$dOCLCG
=035  \\$a(OCoLC)18259016
=041  0\$aara$bperfre
=050  \4$aBP189.26$b.I265
=049  \\$aPULL
=100  1\$aĀmulī, Ḥaydar ibn ʻAlī,$dactive 14th century.$0http://id.loc.gov/authorities/names/n88638122
=245  13$aal-Muqaddamāt min kitāb Naṣṣ al-nuṣūṣ fī sharḥ Fuṣūṣ al-ḥikam li-Muḥyī al-Dīn ibn al-ʻArabī /$caz taṣnīfāt-i Ḥaydar Āmulī ; bā taṣḥiḥāt va daw muqaddamah va fihristʹhā Hanrī Kurbīn va ʻUs̲mān Ismāʻīl Yaḥyā.
=246  14$aTexte des textes
=260  \\$aṬihrān :$bQismat-i Īrānshināsī-i Instītū Īrān va Farānsah,$c1353 [1975]
=300  \\$av. :$bill., tables, facsims. ;$c26 cm.
=490  1\$aGanjīnah-ʼi nivishtahʹhā-yi Īrānī ;$v22
=546  \\$aText in Arabic; introductions in Persian and French.
=504  \\$aIncludes bibliographical references and indexes.
=650  \0$aSufism$vEarly works to 1800.$0http://id.loc.gov/authorities/subjects/sh2008112367
=650  \0$aShīʻah$xDoctrines.$0http://id.loc.gov/authorities/subjects/sh85121391
=600  00$aIbn al-ʻArabī,$d1165-1240.$tFuṣūṣ al-ḥikam.
=700  1\$aCorbin, Henry.
=700  1\$aYaḥyá, ʻUthmān.
=700  0\$aIbn al-ʻArabī,$d1165-1240.$0http://id.loc.gov/authorities/names/n50082069
=830  \0$aBibliothèque iranienne ;$v22.
=994  \\$aC0$bPUL
=902  \\$ajab$br$6a$7m$dv$f0$e20110429
=852  8\$06511124$brcppa$h2264.11368 1975$xtr fr f
=959  \\$a2011-04-29 09:39:44 -0500

