=LDR  01612cam a2200385Ia 4500
=001  6581146
=003  NjP
=005  20110608135833.0
=008  851206s1966\\\\iq\a\\\\\b\\\\001\0\ara\\
=024  7\$aprinceton_aco004609$2local
=010  \\$ane 68000044 
=035  \\$a(OCoLC)ocm12880162
=040  \\$aDLC$cOSU$dOSU$dOCLCQ$dCUY
=066  \\$c(3
=035  \\$a(OCoLC)12880162
=043  \\$aa-iq---
=050  \4$aBP189.4$b.M35
=049  \\$aPULL
=100  1\$6880-01$aMawṣilī, Aḥmad ibn al-Khayyāṭ,$d1780 or 81-1868 or 9.
=245  10$6880-02$aTarjamat al-awliyāʾ fī al-Mawṣil al-Ḥadbāʾ /$ctaʾlīf Aḥmad ibn al-Khayyāṭ al-Mawṣilī ; ḥaqqaqahu wa-nasharahu Saʻīd al-Daywahʹjī.
=260  \\$6880-03$aal-Mawṣil :$bMaṭbaʻat al-Jumhūrīyah,$c1966.
=300  \\$a154 p. :$bill. ;$c24 cm.
=504  \\$aIncludes bibliographical references (p. 122-128).
=500  \\$aIncludes indexes.
=530  \\$aAlso issued online.
=650  \0$aMuslim saints$zIraq$zMosul.
=700  1\$6880-04$aDaywahʹchī, Saʻīd.
=880  1\$6100-01/(3/r$aموصلي، أحمد بن الخياط.
=880  10$6245-02/(3/r$aترجمة الأولياء في الموصل الحدباء /$cتأليف أحمد بن الخياط الموصلي ؛ حققه ونشره سعيد الديوه جي.
=880  \\$6260-03/(3/r$aالموصل :$bمطبعة الجمهورية،$c١٩٦٦.
=880  1\$6700-04/(3/r$aديوه جي، سعيد.
=994  \\$aC0$bPUL
=902  \\$ajab$br$6a$7m$dv$f0$e20110608
=852  8\$06541170$brcppa$h2271.409322.2.389
=959  \\$a2011-06-08 14:01:09 -0500

