=LDR  01934cam a2200421 a 4500
=001  682375
=003  NjP
=005  20171019084107.0
=008  910104q19801989ir\\\\\\\b\\\\000\0\ara\d
=024  7\$aprinceton_aco003305$2local
=035  \\$a(OCoLC)ocn175721659
=035  \\$a(OCoLC)23698844
=040  \\$aNjP$cPUL$dPUL
=035  \\$a(OCoLC)175721659
=035  \\$a(CStRLIN)NJPG91-B571
=035  \\$9ADB8731TS
=035  \\$a(NjP)682375
=079  \\$aocm23698844
=049  \\$aPULL
=100  1\$6880-01$aTawḥīdī, Muḥammad ʻAlī.
=245  10$6880-02$aMiṣbāḥ al-faqāhah :$bmin taqrīr baḥth al-ustādh al-akbār Āyat Allāh al-ʻuẓmá al-Ḥājj al-Sayyid Abū al-Qāsim al-Mūsawī al-Khūʼī ... /$cli-muʼallifihi Muḥammad ʻAlī al-Tawḥīdī al-Tabrīzī.
=250  \\$6880-03$aal-Ṭabʻah 2.
=260  \\$6880-04$aQum :$bMaṭbaʻat Sayyid al-Shuhadāʼ,$c[198-]
=300  \\$a7 v. ;$c24 cm.
=533  \\$aReprint. Originally published:$cal-Najaf : Maṭbaʻat al-Ḥaydarīyah, 1954-[1959?].
=504  \\$aIncludes bibliographical references.
=650  \0$aIslamic law$xInterpretation and construction.$0http://id.loc.gov/authorities/subjects/sh85068455
=880  1\$6100-01/r$aتوحيدي، محمد علي.
=880  10$6245-02/r$aمصباح الفقاهة :$bمن تقرير بحث الاستاذ الاكبار آية الله العظمى الحاج السيد ابو القاسم الموسوي الخوئي ... /$cلمؤلفه محمد علي التوحيدي التبريزي.
=880  \\$6250-03/r$aالطبعة 2.
=880  \\$6260-04/r$aقم :$bمطبعة سيد الشهداء،$c[198-]
=998  \\$a01/04/91$s9114$nNjP$d01/04/91$cJEB$bJEB$i910104$lNJPG
=911  \\$a19921028
=912  \\$a19910104000000.0
=994  \\$aC0$bPUL
=999  \\$a682375
=852  80$0759444$brcppa$t1$hKBL$i.T383 1980z$xtr fr arab
=959  \\$a2000-06-13 00:00:00 -0400

