=LDR  01876cam a2200469 a 4500
=001  682706
=003  NjP
=005  20170516152059.0
=008  910104m19889999ir\\\\\\\b\\\\000\0\ara\d
=024  7\$aprinceton_aco002711$2local
=035  \\$a(OCoLC)ocn175724114
=040  \\$aNjP$cPUL$dPUL
=035  \\$a(OCoLC)175724114
=035  \\$a(CStRLIN)NJPG91-B574
=035  \\$9ADB9062TS
=035  \\$a(NjP)682706
=079  \\$aocm23698929
=049  \\$aPULL
=100  1\$6880-01$aMakārim Shīrāzī, Nāṣir.
=245  13$6880-02$aal-Amthal fī tafsīr kitāb Allāh al-munzal /$cNāṣir Makārim al-Shīrāzī ; naqqaḥahu wa-akhrajahu Muḥammad ʻAlī Ādharshab.
=250  \\$6880-03$aal-Ṭabʻah 1.
=260  \\$6880-04$aQum, Īrān :$bMuʼassasat al-Nashr al-Islāmī,$c1409- [1988 or 1989- ]
=300  \\$av. ;$c25 cm.
=500  \\$aTitle page partially vocalized.
=500  \\$a"371."
=504  \\$aIncludes bibliographical references.
=630  00$aQurʼan$xCommentaries.
=700  1\$6880-05$aĀdharshab, Muḥammad ʻAlī.
=880  1\$6100-01/r$aمكارم شيرازي، ناصر.
=880  12$6245-02/r$aالامثل في تفسير كتاب الله المنزل /$cناصر مكارم الشيرازي ؛ نقحه واخرجه محمد علي آذرشب.
=880  \\$6250-03/r$aالطبعة 1.
=880  \\$6260-04/r$aقم، ايران :$bمؤسسة النشر الاسلامي،$c1409 [1988 or 1989 ]
=880  1\$6700-05/r$aآذرشب، محمد علي.
=998  \\$a01/04/91$s9114$nNjP$d01/04/91$cJEB$bJEB$i910104$lNJPG
=911  \\$a19921028
=912  \\$a19910104000000.0
=994  \\$aC0$bPUL
=999  \\$a682706
=852  01$0759842$brcppa$t1$hBP130.4$i.M343$xtr fr arab
=866  \0$0759842$80$ajuzʾ 1-2(published in 1988)
=866  \0$0759842$xDESIGNATOR: al-Juzʾ
=959  \\$a2000-06-13 00:00:00 -0500

