=LDR  01263cam a2200301L  4500
=001  6909732
=003  NjP
=005  20190412202733.0
=008  921221m19399999ua\\\\\\\\\\\\000\0\ara\d
=024  7\$aprinceton_aco004139$2local
=035  \\$a(OCoLC)ocn122736496
=040  \\$aMH-L$cHVL
=066  \\$c(3$c(4
=035  \\$a(OCoLC)122736496
=043  \\$af-ua---
=049  \\$aPULL
=100  1\$6880-01$aṢayyād, Muṣṭafá.
=245  13$6880-02$aal-Mawsūʻah al-ḍarāʾibīyah al-dāʾimah lil-qawānīn wa-al-qarārāt wa-al-kutub al-dawrīyah wa-al-manshūrāt al-khāṣṣah bi-maṣlaḥat al-ḍarāʾib.
=260  \\$a[al-Qāhirah]$bDār al-Fikr al-ʻArabī,$c1939-
=300  \\$av.$c23 cm.
=650  \0$aTaxation$xLaw and legislation$zEgypt.$0http://id.loc.gov/authorities/subjects/sh2008112578
=880  1\$6100-01/(3/r$aصياد، مصطفى.
=880  12$6245-02/(3/r$aالموسوعة الضرائبية الدائمة للقوانين والقرارات والکتب الدورية والمنشورات الخاصة بمصلحة الضرائب.
=994  \\$aC0$bPUL
=902  \\$ajab$br$6a$7m$dv$f0$e20111201
=852  8\$06814320$brcppa$h2269.312.1948$xtr fr f
=866  \0$06814320$av. 10
=959  \\$a2011-12-01 10:41:23 -0500

