=LDR  02369cam a2200493 a 4500
=001  693185
=003  NjP
=005  20180125114519.0
=008  910220s1988\\\\ir\h\\\\\b\\\\001\0\ara\d
=024  7\$aprinceton_aco003463$2local
=035  \\$a(OCoLC)23699007
=035  \\$a(OCoLC)ocn175805605
=035  \\$a(OCoLC)175805605
=035  \\$a(CStRLIN)NJPG91-B8518
=035  \\$9ADC9568TS
=035  \\$a(NjP)693185
=040  \\$aNjP$cPUL$dPUL
=049  \\$aPULL
=079  \\$aocm23699007
=100  1\$6880-01$aKhurāsānī, Muḥammad Kāẓim,$d1839 or 1840-1911.$0http://id.loc.gov/authorities/names/nr90005564
=245  10$6880-02$aKifāyat al-uṣūl /$ctaʼlīf Muḥammad Kāẓim al-Khurāsānī ; taḥqīq Muʼassasat Āl al-Bayt li-Iḥyāʼ al-Turāth.
=250  \\$6880-03$aal-Ṭabʻah 1.
=260  \\$6880-04$aQum :$bMuʼassasat Āl al-Bayt li-Iḥyāʼ al-Turāth,$c1409 [1988]
=300  \\$a551 p. :$bfacsims ;$c25 cm.
=490  1\$6880-05$aMuʼassasat Āl al-Bayt li-Iḥyāʼ al-Turāth ;$v60
=500  \\$aIncludes indexes.
=504  \\$aIncludes bibliographical references.
=650  \0$aIslamic law$xInterpretation and construction.$0http://id.loc.gov/authorities/subjects/sh85068455
=710  2\$6880-06$aMuʼassasat Āl al-Bayt li-Iḥyāʼ al-Turāth.$0http://id.loc.gov/authorities/names/n85097993
=830  \0$6880-07$aMuʼassasat Āl al-Bayt li-Iḥyāʼ al-Turāth (Series) ;$v60.
=880  1\$6100-01/r$aخراساني، محمد كاظم،$d1839 or 1840-1911.
=880  10$6245-02/r$aكفاية الاصول /$cتأليف محمد كاظم الخراساني ؛ تحقيق مؤسسة آل البيت لاحياء التراث.
=880  \\$6250-03/r$aالطبعة 1.
=880  \\$6260-04/r$aقم :$bمؤسسة آل البيت لاحياء التراث،$c1409 [1988]
=880  1\$6490-05/r$aمؤسسة آل البيت لاحياء التراث ؛$v60
=880  2\$6710-06/r$aمؤسسة آل البيت لااحياء التراث.
=880  \0$6830-07/r$aمؤسسة آل البيت لااحياء التراث (Series) ؛$v60.
=998  \\$a02/20/91$s9114$nNjP$d02/20/91$cJAB$bJAB$i910220$lNJPG
=911  \\$a19921028
=912  \\$a19980427033327.0
=994  \\$aC0$bPUL
=999  \\$a693185
=852  80$0773484$brcppa$t1$hKBL$i.M337 1988$xtr fr arab
=959  \\$a2000-06-13 00:00:00 -0400

