=LDR  01554cam a2200373 a 4500
=001  703443
=003  NjP
=005  20190705141335.0
=008  920302m19899999ir\\\\\\\b\\\\001\0\ara\d
=024  7\$aprinceton_aco004013$2local
=035  \\$a(CStRLIN)NJPG92-B11882
=035  \\$9ADD9941TS
=035  \\$a(NjP)703443
=040  \\$aNjP$cPUL$dPUL
=049  \\$aPULL
=035  \\$a(OCoLC)ocm25520780
=100  1\$6880-01$aMūsawī al-Jazāʼirī, Hāshim ibn al-Ḥusayn.
=245  10$6880-02$aJazāʼ al-aʻmāl wa-āthār al-aʻmāl fī dār al-dunyā /$ctaʼlīf Hāshim ibn al-Ḥusayn al-Mūsawī al-Jazāʼirī.
=260  \\$6880-03$aQum :$bMaṭbaʻat Sayyid al-Shuhadāʼ,$c1410- [1989 or 1990- ]
=300  \\$av. ;$c25 cm.
=504  \\$aIncludes bibliographical references and indexes.
=650  \0$aFuture punishment$xIslam.
=880  1\$6100-01/r$aموسوي الجزائري، هاشم بن الحسين.
=880  10$6245-02/r$aجزاء الاعمال وآثار الاعمال في دار الدنيا /$cتأليف هاشم بن الحسين الموسوي الجزائري.
=880  \\$6260-03/r$aقم :$bمطبعة سيد الشهداء،$c1410- [1989 or 1990- ]
=998  \\$a10/19/92$s9114$nNjP$wNJPG92B11882$d03/02/92$cJEB$bCS$i921019$lNJPG
=911  \\$a19921030
=912  \\$a19921019000000.0
=994  \\$aC0$bPUL
=999  \\$a703443
=979  \\$a(OCoLC)ocn175886929
=852  01$0785973$brcppa$t1$hBP166.88$i.M872 1989$xtr fr arab
=866  \0$0785973$80$ajuzʾ 1-6
=959  \\$a2000-06-13 00:00:00 -0400

