=LDR  00835cam a2200253Ma 4500
=001  7048153
=003  NjP
=005  20120418115324.0
=008  960812s1961\\\\iq\\\\\\\\\\\\000\0\ara\\
=024  7\$aprinceton_aco002107$2local
=010  \\$a   67857000 
=035  \\$a(OCoLC)ocm81104524
=040  \\$aDLC$cHLS$dUTO
=019  \\$a223197120
=035  \\$a(OCoLC)81104524$z(OCoLC)223197120
=050  \4$aDS70.95$bJ3
=100  1\$aJāwashlī, Hādī Rashīd.
=245  10$aShuʾūn manāṭiq al-ḥudūd fī al-Jumhūrīyah al-ʻIrāqīyah /$cbi-qalam Hādī Rashīd al-Jāwashlī.
=260  \\$aBaghdād :$bal-Maktabah al-Ahlīyah,$c1961.
=300  \\$a111 p. ;$c24 cm.
=651  \0$aIraq$xBoundaries.
=902  \\$amh$br$6a$7m$dv$f0$e20120418
=852  0\$06930761$bnec$hDS70.95$iJ3 1961
=959  \\$a2012-04-18 11:53:52 -0400

