=LDR  01669cam a2200445 a 4500
=001  766361
=003  NjP
=005  20171020082435.0
=008  921104s1990\\\\ir\\\\\\\b\\\\000\0\ara\d
=024  7\$aprinceton_aco002902$2local
=035  \\$a(OCoLC)ocn176622082
=035  \\$a(OCoLC)26985014
=035  \\$a766361
=040  \\$aNjP$cPUL$dPUL
=035  \\$a(OCoLC)176622082
=035  \\$a(CStRLIN)NJPG92-B60466
=035  \\$9ADP4219TS
=035  \\$z766361
=035  \\$a(NjP)766361
=079  \\$aocm26985014
=049  \\$aPULL
=100  1\$6880-01$aDaqr, ʻAbd al-Ghanī.
=245  10$6880-02$aMuʻjam al-qawāʻid al-ʻArabīyah fī al-naḥw wa-al-taṣrīf :$bwa-dhuyyila bi-al-Imlāʼ /$cʻAbd al-Ghanī al-Daqr.
=250  \\$6880-03$aal-Ṭabʻah 1.
=260  \\$6880-04$aQum :$bal-Ḥamīd,$c1410 [1990]
=300  \\$a616 p. ;$c25 cm.
=504  \\$aIncludes bibliographical references.
=590  \\$aPrinceton University library's copy imperfect: some pages overprinted.
=650  \0$aArabic language$xGrammar.$0http://id.loc.gov/authorities/subjects/sh86000279
=880  1\$6100-01/r$aدقر، عبد الغني.
=880  10$6245-02/r$aمعجم القواعد العربية في النحو والتصريف :$bوذيل بالاملاء /$cعبد الغني الدقر.
=880  \\$6250-03/r$aالطبعة 1.
=880  \\$6260-04/r$aقم :$bالحميد،$c1410 [1990]
=911  \\$a19921112
=912  \\$a19921104000000.0
=998  \\$a11/04/92$s9114$nNjP$d11/04/92$cJEB$bJEB$i921104$lNJPG
=994  \\$aC0$bPUL
=999  \\$a766361
=852  00$0865520$brcppa$t1$hPJ6106$i.D37 1990$xtr fr arab
=959  \\$a2000-06-13 00:00:00 -0500

