=LDR  02079cam a2200457 a 4500
=001  768019
=003  NjP
=005  20180125114656.0
=008  921111s1990\\\\ir\\\\\\\b\\\\000\0\ara\d
=024  7\$aprinceton_aco003145$2local
=010  \\$a   91933361 
=035  \\$a(OCoLC)ocn176650706
=035  \\$a768019
=035  \\$a(OCoLC)176650706
=035  \\$a(CStRLIN)NJPG92-B61914
=035  \\$9ADP6950TS
=035  \\$z768019
=035  \\$a(NjP)768019
=040  \\$aDLC$cPUL$dPUL
=049  \\$aPULL
=079  \\$aocm25216013
=100  1\$6880-01$aKhurāsānī, Muḥammad Kāẓim,$d1839 or 1840-1911.$0http://id.loc.gov/authorities/names/nr90005564
=245  10$6880-02$aDurar al-fawāʼid fī al-ḥāshiyah ʻalá al-Farʼāʼid /$ctaʼlīf al-Ākhūnd al-Khurāsānī.
=250  \\$6880-03$aal-Ṭabʻah 1.
=260  \\$6880-04$aṬihrān, Īrān :$bMuʼassasat al-Ṭabʻ wa-al-Nashr, al-tābiʻah li-Wizārat al-Thaqāfah wa-al-Irshād al-Islāmī,$c1990.
=300  \\$a570 p. ;$c25 cm.
=504  \\$aIncludes bibliographical references.
=600  10$6880-05$aAnṣārī, Murtaḍá ibn Muḥammad Amīn,$d1799 or 1800-1864.$tRasāʼil.
=650  \0$aSufism.$0http://id.loc.gov/authorities/subjects/sh85129660
=880  1\$6100-01/r$aخراساني، محمد كاظم،$d1839 or 1840-1911.
=880  10$6245-02/r$aدرر الفوائد في الحاشية على الفرآئد /$cتأليف الاخوند الخراساني.
=880  \\$6250-03/r$aالطبعة 1.
=880  \\$6260-04/r$aطهران، ايران :$bمؤسسة الطبع والنشر، التابعة لوزارة الثقافة والارشاد الاسلامي،$c1990.
=880  10$6600-05/r$aانصاري، مرتضى بن محمد امين،$d1799 or 1800-1864.$tرسائل.
=911  \\$a19921119
=912  \\$a19921111000000.0
=998  \\$a11/11/92$s9110$nNjP$wWAUN92B56$d11/11/92$cJEB$bJEB$i921111$lNJPG
=994  \\$aC0$bPUL
=999  \\$a768019
=852  00$0867537$brcppa$t1$hBP189$i.K487 1990$xtr fr nec
=959  \\$a2000-06-13 00:00:00 -0400

