=LDR  01779cam a2200433 a 4500
=001  774126
=003  NjP
=005  20171024101239.0
=008  921207s1982\\\\ir\\\\\\\\\\\\000\0\ara\d
=024  7\$aprinceton_aco003243$2local
=035  \\$a(OCoLC)ocn176687814
=035  \\$a(OCoLC)15114684
=035  \\$a774126
=040  \\$aCU$cPUL$dPUL
=035  \\$a(OCoLC)176687814
=035  \\$a(CStRLIN)NJPG92-B67414
=035  \\$9ADQ8463TS
=035  \\$z774126
=035  \\$a(NjP)774126
=079  \\$aocm15114684$zocm27151974
=049  \\$aPULL
=100  1\$6880-01$aʻAskarī, Najm al-Dīn Jaʻfar ibn Muḥammad.
=245  13$6880-02$aal-Mahdī al-mawʻūd al-muntaẓar ʻinda ʻulamāʼ ahl al-sunnah wa-al-imāmīyah /$cNajm al-Dīn Jaʻfar ibn Muḥammad al-ʻAskarī.
=260  \\$6880-03$aTihrān :$bMuʼassasat al-Imām al-Mahdī,$c1402 [1982]
=300  \\$a2 v. ;$c22 cm.
=490  0\$6880-04$aMuʼassasat al-Imām al-Mahdī ;$v14-15
=650  \0$aMahdi.$0http://id.loc.gov/authorities/subjects/sh85079849
=880  1\$6100-01/r$aعسكري، نجم الدين جعفر بن محمد.
=880  12$6245-02/r$aالمهدي الموعود المنتظر عند علماء اهل السنة والامامية /$cنجم الدين جعفر بن محمد العسكري.
=880  \\$6260-03/r$aطهران :$bمؤسسة الامام المهدي،$c1402 [1982]
=880  0\$6490-04/r$aمؤسسة الامام المهدي ؛$v14-15
=911  \\$a19921218
=912  \\$a19921207000000.0
=998  \\$a12/07/92$s9665$nNjP$wCUBGGLAD17234468B$d12/07/92$cJEB$bJEB$i921207$lNJPG
=994  \\$aC0$bPUL
=999  \\$a774126
=852  00$0874655$brcppa$t1$hBP166.93$i.A84 1982$xtr fr arab
=866  \0$0874655$ajuz' 1-2
=959  \\$a2000-06-13 00:00:00 -0400

