=LDR  01319cam a2200289 a 4500
=001  774457
=003  NjP
=005  20171024101256.0
=008  921208s1989\\\\ir\\\\\\\b\\\\000|0\ara\d
=024  7\$aprinceton_aco003152$2local
=035  \\$a(OCoLC)27152029
=035  \\$a(CStRLIN)NJPG92-B67757
=035  \\$9ADQ8796TS
=040  \\$aNjP$cNjP
=100  2\$aḤurr al-ʻĀmilī, Muḥammad ibn al-Ḥasan,$d1624-1693.$0http://id.loc.gov/authorities/names/n85331643
=245  13$aal-Tanbīh bi-al-maʻlūm min al-burhān ʻalá tanzīh al-maʻṣūm ʻan al-sahw wa-al-nasyān /$ctaʾlīf Muḥammad ibn al-Ḥasan al-Ḥurr al-ʻĀmilī ; ṣaḥḥaḥa wa-ʻallaqa ʻalayhi Mahdī al-Lājward̄i al-Ḥusaynī, wa-Muḥammad al-Darūdī al-Tafrishī.
=260  \\$aQum :$bal-Maṭbaʻah al-ʻIlmīyah,$c1409 [1989]
=300  \\$a8, 103 p. ;$c22 cm.
=504  \\$aIncludes bibliographical references.
=650  \0$aImams (Shiites)$0http://id.loc.gov/authorities/subjects/sh85064480
=700  2\$aLājwardī al-Ḥusaynī, Mahdī.
=700  1\$aDarūdī, Muḥammad.
=998  \\$a07/06/93$s9114$nNjP$wNJPG92B67757$d12/08/92$cJEB$bJEB$i930706$lNJPG
=911  \\$a19930715
=912  \\$a19990622034305.0
=852  00$0875018$brcppa$t1$hBP193$i.H877 1989$xtr fr nec
=959  \\$a2000-06-13 00:00:00 -0400

