=LDR  01951cam a2200457 a 4500
=001  775777
=003  NjP
=005  20190705141743.0
=008  921124s1862\\\\ua\\\\\\\\\\\\001\0\ara\d
=024  7\$aprinceton_aco004670$2local
=035  \\$a775777
=035  \\$a(CStRLIN)NJPG92-B65121
=035  \\$9ADR1436TS
=035  \\$z775777
=035  \\$a(NjP)775777
=040  \\$aNjP$cPUL$dPUL
=043  \\$af-ua---
=049  \\$aPULL
=035  \\$a(OCoLC)ocm27178458
=100  0\$6880-01$aSuyūṭī,$d1445-1505.$0http://id.loc.gov/authorities/names/n80081636
=240  10$6880-02$aḤusn al-muḥāḍarah fī akhbāri Miṣr wa-al-Qāhirah
=245  10$6880-03$aHadhā kitāb Ḥusn al-muḥāḍarah fī akhbāri Miṣr wa-al-Qāhirah /$cJalāl al-Dīn al-Suyūṭī.
=260  \\$6880-04$a[S.l.] :$bʻA. ʻA. al-Kh. ʻA. al-Ghani /$c1279 [between 1862 and 1863]
=300  \\$a240 p.;$c29 cm.
=651  \0$aCairo (Egypt)$xHistory$xEarly works to 1800.
=740  0\$6880-05$aḤusn al-muḥāḍarah fī akhbāri Miṣr wa-al-Qāhirah.
=880  0\$6100-01/r$aسيوطي،$d1445-1505.
=880  10$6240-02/r$aحسن المحاضرة في اخبار مصر والقاهرة
=880  10$6245-03/r$aهذا كتاب حسن المحاضرة في اخبار مصر والقاهرة /$cجلال الدين السيوطي.
=880  \\$6260-04/r$a[S.l.] :$bع. ع. الخ. ع. الغن /$c1279 [between 1862 and 1863]
=880  0\$6740-05/r$aحسن المحاضرة في اخبار مصر والقاهرة.
=856  4\$uhttp://hdl.handle.net/2027/njp.32101076413473
=911  \\$a19921229
=912  \\$a19921216000000.0
=998  \\$a12/16/92$s9114$nNjP$wNJPG92B65121$d11/24/92$cJAB$bJAB$i921216$lNJPG
=994  \\$aC0$bPUL
=999  \\$a775777
=979  \\$a(OCoLC)ocn176693764
=852  80$0876628$brcppa$t1$h2276.069.3648$xtr fr f
=852  8\$08683633$belf1$hElectronic Resource
=959  \\$a2000-06-08 00:00:00 -0500

