=LDR  01454cam a2200385 a 4500
=001  777920
=003  NjP
=005  20171024101542.0
=008  850325s1981\\\\ir\\\\\\\\\\\\000\0\ara\d
=024  7\$aprinceton_aco003391$2local
=035  \\$a(OCoLC)ocn176701421
=035  \\$a777920
=040  \\$aNjP$cPUL$dPUL
=035  \\$a(OCoLC)176701421
=035  \\$a(CStRLIN)NJPG85-B6764
=035  \\$9ADR5512TS
=035  \\$z777920
=035  \\$a(NjP)777920
=079  \\$aocm27274703
=049  \\$aPULL
=100  1\$6880-01$aFayyāḍ, Muḥammad Isḥāq.
=245  13$6880-02$aal-Arāḍī :$bmajmūʻat dirāsāt wa-buḥūth fiqhīyah Islāmīyah /$cbi-qalam Muḥammad Isḥāq al-Fayyāḍ.
=260  \\$6880-03$aQum, Īrān :$bDār al-Kitāb,$c1981.
=300  \\$a432 p. ;$c25 cm.
=650  \0$aLand tenure (Islamic law)$0http://id.loc.gov/authorities/subjects/sh85074326
=880  1\$6100-01/r$aفياض، محمد اسحاق.
=880  12$6245-02/r$aالاراضي :$bمجموعة دراسات وبحوث فقهية اسلامية /$cبقلم محمد اسحاق الفياض.
=880  \\$6260-03/r$aقم، ايران :$bدار الكتاب،$c1981.
=911  \\$a19930114
=912  \\$a19930105000000.0
=998  \\$a01/05/93$s9118$nNjP$wNJPG85B6764$d03/25/85$cJAB$bJAB$i930105$lNJPG
=994  \\$aC0$bPUL
=999  \\$a777920
=852  80$0878976$brcppa$t1$hKBL$i.F399 1981$xtr fr arab
=959  \\$a2000-06-13 00:00:00 -0400

