=LDR  01865cam a2200445 a 4500
=001  779778
=003  NjP
=005  20190705141850.0
=008  840120s1978\\\\ir\\\\\\\\\\\\000\0\ara\d
=024  7\$aprinceton_aco004608$2local
=035  \\$a779778
=035  \\$a(CStRLIN)NJPG84-B3653
=035  \\$9ADR8409TS
=035  \\$z779778
=035  \\$a(NjP)779778
=040  \\$aNjP$cPUL$dPUL
=049  \\$aPULL
=035  \\$a(OCoLC)ocm27325581
=100  1\$6880-01$aRāwandī, Saʻīd ibn Hibat Allāh,$d-1178.$0http://id.loc.gov/authorities/names/n86034534
=240  10$6880-02$aKharāʼij wa-al-jarāʼiḥ
=245  10$6880-03$aKitāb al-kharāʼij wa-al-jarāʼiḥ /$ctaʼlīf Quṭb al-Dīn Rāwandī ; ṣaḥḥaḥahu wa-ʻallaqahu Asad Allāh Rabbānī.
=260  \\$6880-04$aQum :$bIntishārāt Muṣṭafawī,$c1399 [1978]
=300  \\$avii, 351 p. ;$c24 cm.
=650  \0$aShiites.$0http://id.loc.gov/authorities/subjects/sh85121432
=700  1\$6880-05$aRabbānī, Asad Allāh.
=740  0\$6880-06$aKharāʼij wa-al-jarāʼiḥ.
=880  1\$6100-01/r$aراوندي، سعيد بن هبة الله،$d-1178.
=880  10$6240-02/r$aخرائج والجرائح
=880  10$6245-03/r$aكتاب الخرائج والجرائح /$cتأليف قطب الدين راوندي ؛ صححه وعلقه اسد الله رباني.
=880  \\$6260-04/r$aقم :$bانتشارات مصطفوي،$c1399 [1978]
=880  1\$6700-05/r$aرباني، اسد الله.
=880  0\$6740-06/r$aخرائج والجرائح.
=911  \\$a19930125
=912  \\$a19930111000000.0
=998  \\$a01/11/93$s9118$nNjP$wNJPG84B3653$d01/20/84$cJAB$bJAB$i930111$lNJPG
=994  \\$aC0$bPUL
=999  \\$a779778
=979  \\$a(OCoLC)ocn176708146
=852  80$0881246$brcppa$t1$h2274.3624.352 1978$xtr fr f
=959  \\$a2000-06-13 00:00:00 -0500

