=LDR  00916cam a2200265 a 4500
=001  781331
=003  NjP
=005  20171024101756.0
=008  831206s1970\\\\ir\\\\\\\\\\\\000|0\ara\d
=024  7\$aprinceton_aco003576$2local
=035  \\$a(OCoLC)27401495
=035  \\$a(CStRLIN)NJPG83-B81090
=035  \\$9ADS0808TS
=035  \\$a781331
=040  \\$aNjP$cNjP
=100  1\$aKarmī, Muḥammad.
=245  13$aal-Qawl al-jāmiʻ fī taḥrīr furūʻ al-sharāʾiʻ /$ctaḥqīq Muḥammad al-Karmī.
=260  \\$aQum :$bal-Maṭbaʻah al-ʻIlmīyah,$c1390 [1970 or 1971]
=300  \\$a432 p. ;$c25 cm.
=650  \0$aIslamic law.$0http://id.loc.gov/authorities/subjects/sh85068454
=911  \\$a19930128
=912  \\$a19930119000000.0
=998  \\$a01/19/93$s9118$nNjP$wNJPG83B81090$d12/06/83$cJAB$bJAB$i930119$lNJPG
=852  80$0883048$brcppa$t1$hKBL$i.K375 1970$xtr fr arab
=959  \\$a2000-06-13 00:00:00 -0400

