=LDR  01181cam a2200301 a 4500
=001  781333
=003  NjP
=005  20171024101757.0
=008  831206s1968\\\\iq\\\\\\\b\\\\000|0\ara\d
=024  7\$aprinceton_aco003003$2local
=035  \\$a(OCoLC)27401499
=035  \\$a(CStRLIN)NJPG83-B81119
=035  \\$9ADS0810TS
=035  \\$a781333
=040  \\$aNjP$cNjP
=100  2\$aʻAbd al-Sāʻidī, Muḥammad.
=245  13$aal-Takyīf al-dustūrī li-naẓarīyat al-ḥukūmah fī al-Islām zaman al-maʻṣūm wa-baʻadahu :$bdirāsah naqdīyah li-mafāhīm al-ḥayāh al-siyāsīyah fī al-Islām /$cMuḥammad ʻAbd al-Sāʻidī.
=250  \\$aal-Ṭabʻah 1.
=260  \\$aBaghdād :$bMaṭbaʻat al-Azhar,$c1968.
=300  \\$a176 p. ;$c24 cm.
=440  \0$aMin dunyā al-Islām ;$v2
=504  \\$aIncludes bibliographical references.
=650  \0$aIslam and state.$0http://id.loc.gov/authorities/subjects/sh85068426
=911  \\$a19930128
=912  \\$a19930119000000.0
=998  \\$a01/19/93$s9118$nNjP$wNJPG83B81119$d12/06/83$cJAB$bJAB$i930119$lNJPG
=852  00$0883050$brcppa$t1$hBP173.6$i.A222 1968$xtr fr arab
=959  \\$a2000-06-13 00:00:00 -0500

