=LDR  01771cam a2200409 a 4500
=001  784697
=003  NjP
=005  20171024102020.0
=008  840120s1976\\\\ir\\\\\\\\\\\\000\0\ara\d
=024  7\$aprinceton_aco003275$2local
=035  \\$a(OCoLC)27741205
=035  \\$a(OCoLC)ocn176725294
=035  \\$a(OCoLC)176725294
=035  \\$a(CStRLIN)NJPG84-B3659
=035  \\$9ADS8054TS
=035  \\$a(NjP)784697
=040  \\$aNjP$cPUL$dPUL
=049  \\$aPULL
=079  \\$aocm27741205
=100  1\$6880-01$aMuʼayyidī, Majd al-Dīn ibn Muḥammad ibn Manṣūr.
=245  13$6880-02$aal-Jāmiʻah al-muhimmah li-asānīd kutub al-aʼimmah /$ctaʼlīf Abī al-Ḥusayn Majd al-Dīn ibn Muḥammad al-Muʼayyidī al-Ḥasanī.
=260  \\$6880-03$aṬihrān :$bKitabfarūshī Muṣṭafavī Būz̲arjumihrī,$c1396 [1976]
=300  \\$a115 p. ;$c17 cm.
=650  \0$aImams (Shiites)$0http://id.loc.gov/authorities/subjects/sh85064480
=600  00$6880-04$aMuḥammad,$cProphet,$dd. 632$xFamily.
=650  \0$aZaydīs$xDoctrines.
=880  1\$6100-01/r$aمؤيدي، مجد الدين بن محمد بن منصور.
=880  12$6245-02/r$aالجامعة المهمة لاسانيد كتب الائمة /$cتأليف ابي الحسين مجد الدين بن محمد المؤيدي الحسني.
=880  \\$6260-03/r$aطهران :$bكتبفروشي مصطفڤي بوöزرجمهري،$c1396 [1976]
=880  00$6600-04/r$aمحمد،$cProphet،$dd. 632$xFamily.
=998  \\$a03/04/93$s9118$nNjP$wNJPG84B3659$d01/20/84$cKC$bJEB$i930304$lNJPG
=911  \\$a19930311
=912  \\$a19970815052810.0
=994  \\$aC0$bPUL
=999  \\$a784697
=852  00$0886892$brcppa$t1$hBP193$i.H876 1976$xtr fr arab
=959  \\$a2000-06-13 00:00:00 -0400

