=LDR  01626cam a2200445 a 4500
=001  786490
=003  NjP
=005  20190705141910.0
=008  840306s1938\\\\mr\\\\\\\\\\\\000\0\ara\d
=024  7\$aprinceton_aco004150$2local
=035  \\$a786490
=035  \\$a(CStRLIN)NJPG84-B13111
=035  \\$9ADT1111TS
=035  \\$z786490
=035  \\$a(NjP)786490
=040  \\$aNjP$cPUL$dPUL
=049  \\$aPULL
=035  \\$a(OCoLC)ocm27458556
=100  1\$6880-01$aAndalusī, Muḥammad Salīm.
=240  10$6880-02$aFī al-filāḥah
=245  10$6880-03$aKitāb fī al-filāḥah /$cli-Abī al-Khayr al-Andalusī.
=250  \\$6880-04$aal-Ṭabʻah 1.
=260  \\$6880-05$aFās :$bSīdī al-Tihāmī al-Nāṣirī al-Jaʻfarī,$c1357 [1938]
=300  \\$a9, 217 p. ;$c25 cm.
=650  \0$aAgriculture.$0http://id.loc.gov/authorities/subjects/sh85002415
=740  0\$6880-06$aFī al-filāḥah.
=880  1\$6100-01/r$aاندلسي، محمد سليم.
=880  10$6240-02/r$aفي الفلاحة
=880  10$6245-03/r$aكتاب في الفلاحة /$cلابي الخير الاندلسي.
=880  \\$6250-04/r$aالطبعة 1.
=880  \\$6260-05/r$aفاس :$bسيدي التهامي الناصري الجعفري،$c1357 [1938]
=880  0\$6740-06/r$aفي الفلاحة.
=911  \\$a19930311
=912  \\$a19930216000000.0
=998  \\$a02/16/93$s9118$nNjP$wNJPG84B13111$d03/06/84$cJAB$bJAB$i930216$lNJPG
=994  \\$aC0$bPUL
=999  \\$a786490
=979  \\$a(OCoLC)ocn176731328
=852  00$0889086$brcppa$t1$hS515$i.A522 1938$xtr fr arab
=959  \\$a2000-06-13 00:00:00 -0500

