=LDR  01430cam a2200385 a 4500
=001  789442
=003  NjP
=005  20171024102322.0
=008  840802s1934\\\\su\\\\\\\\\\\\000\0\ara\d
=024  7\$aprinceton_aco003504$2local
=035  \\$a(OCoLC)ocn176741340
=035  \\$a(OCoLC)27741274
=035  \\$a789442
=040  \\$aNjP$cPUL$dPUL
=035  \\$a(OCoLC)176741340
=035  \\$a(CStRLIN)NJPG84-B43834
=035  \\$9ADT8683TS
=035  \\$z789442
=035  \\$a(NjP)789442
=079  \\$aocm27741274
=049  \\$aPULL
=100  1\$6880-01$aʻAbbādī, Muḥammad Yūnus.
=245  10$6880-02$aMuḥāḍarat al-faqīh al-qāḍī al-sayyid Muḥammad al-ʻAbbādī fī mawḍūʻ al-ribā, alqāhā bi-Madīnah wa-Jiddah sanat 1927.
=260  \\$a[Jiddah :$bs.n.],$c1934.
=300  \\$a43 p. ;$c24 cm.
=650  \0$aInterest (Islamic law)$0http://id.loc.gov/authorities/subjects/sh85067238
=880  1\$6100-01/r$aعبادي، محمد يونس.
=880  10$6245-02/r$aمحاضرة الفقيه القاضي السيد محمد العبادي في موضوع الربا، القاها بمدينة وجدة سنة 1927.
=911  \\$a19930311
=912  \\$a19930223000000.0
=998  \\$a02/23/93$s9118$nNjP$wNJPG84B43834$d08/02/84$cJAB$bJAB$i930223$lNJPG
=994  \\$aC0$bPUL
=999  \\$a789442
=852  80$0892717$brcppa$t1$hKBL$i.A222 1934$xtr fr arab
=959  \\$a2000-06-13 00:00:00 -0400

