=LDR  01411cam a2200325 a 4500
=001  794226
=003  NjP
=005  20120813082552.0
=008  930312m19399999ua\\\\\\\\\\\\000\0\ara\d
=024  7\$aprinceton_aco002142$2local
=035  \\$a(OCoLC)27753937
=035  \\$a(CStRLIN)NJPG93-B14677
=035  \\$9ADV5755TS
=035  \\$a794226
=040  \\$aNjP$cNjP
=043  \\$af-ua---
=100  1\$aṢubḥī, Muḥammad Khalīl.
=245  10$aTārīkh al-ḥayāh al-niyābīyah fī Miṣr :$bmin ʻahd rukn al-jinān Muḥammad ʻAlī Bāshā /$cli-wāḍiʻihi Muḥammad Khalīl Ṣubḥī.
=260  \\$aal-Qāhirah :$bDār al-Kutub al-Miṣrīyah,$c1939-
=300  \\$av. ;$c27 cm.
=505  1\$aal-juzʾ 5. al-Khāṣṣ bi-majmūʻat al-lawāʾiḥ wa-al-dasātīr wa-al-qawānī al-niẓāmīyah ... -- al-juzʾ 6. al-Khāṣṣ bi-jamīʻ aʻḍāʾ al-hayʾāt al-niyābīyah mundhu nayyif wa-miʾah sanah -- al-mulḥaq 1. Li-juzʾayn al-khāmis wa-al-sādis.
=650  \0$aCabinet system$zEgypt.
=650  \0$aRepresentative government and representation$zEgypt.
=650  \0$aParliamentary practice$zEgypt.
=911  \\$a19930318
=912  \\$a19930312000000.0
=998  \\$a03/12/93$s9114$nNjP$d03/12/93$cJEB$bJEB$i930312$lNJPG
=852  01$0898442$bnec$t1$hJQ3824$i.S923 1939
=866  \0$0898442$80$ajuzʼ 5-6, suppl. 1
=959  \\$a2000-06-13 00:00:00 -0400

