=LDR  02645cam a2200505 a 4500
=001  795061
=003  NjP
=005  20190705141938.0
=008  930316s1989\\\\ir\h\\\|\b\\\\001\0\ara\d
=024  7\$aprinceton_aco003813$2local
=035  \\$a795061
=035  \\$a(CStRLIN)NJPG93-B15198
=035  \\$9ADV8391TS
=035  \\$z795061
=035  \\$a(NjP)795061
=040  \\$aNN$cPUL$dPUL
=049  \\$aPULL
=035  \\$a(OCoLC)ocm49403097
=100  1\$6880-01$aʻĀmilī, Bahāʼ al-Dīn Muḥammad ibn Ḥusayn,$d1547-1621.$0http://id.loc.gov/authorities/names/n83196143
=245  13$6880-02$aal-Ithnā ʻasharīyah fī al-ṣalāh al-yawmīyah /$ctaʼlīf Muḥammad ibn al-Ḥusayn ibn ʻAbd al-Ṣamad al-Ḥārithī ; taḥqīq Muḥammad al-Ḥassūn ; ishrāf Maḥmūd al-Marʻashī.
=250  \\$6880-03$aal-Ṭabʻah 1.
=260  \\$6880-04$aQum :$bMaktabat Āyat Allāh al-ʻUẓmá al-Marʻashī al-Najafī,$c1409 [1988 or 1989]
=300  \\$a96 p. :$bfacsims. ;$c25 cm.
=490  1\$6880-05$aMaṭbūʻāt Maktabat Āyat Allāh al-Marʻashī al-ʻĀmmah ;$v29
=504  \\$aIncludes bibliographical references and indexes.
=650  \0$aPrayer$xIslam$xEarly works to 1800.$0http://id.loc.gov/authorities/subjects/sh2010108002
=650  \0$aPrayer$xShiites$xEarly works to 1800.
=650  \0$aShīʻah$xEarly works to 1800.$0http://id.loc.gov/authorities/subjects/sh2008111617
=700  1\$aḤassūn, Muḥammad.
=830  \0$6880-06$aMin makhṭūṭāt Maktabat Āyat Allāh al-Marʻashī al-ʻĀmmah ;$v29.
=880  1\$6100-01/r$aعاملي، بهاء الدين محمد بن حسين،$d1547-1621.
=880  12$6245-02/r$aالاثنا عشرية في الصلاة اليومية /$cتأليف محمد بن الحسين بن عبد الصمد الحارثي ؛ تحقيق محمد الحسون ؛ اشراف محمود المرعشي.
=880  \\$6250-03/r$aالطبعة 1.
=880  \\$6260-04/r$aقم :$bمكتبة آية الله العظمى المرعشي النجفي،$c1409 [1988 or 1989]
=880  1\$6490-05/r$aمطبوعات مكتبة آية الله المرعشي العامة ؛$v29
=880  1\$6700-00/r$aحسون، محمد.
=880  \0$6830-06/r$aمن مخطوطات مكتبة آية الله المرعشي العامة ؛$v29.
=911  \\$a19930326
=912  \\$a19930316000000.0
=998  \\$a03/16/93$s9114$nNjP$wNYPN92B2267$d03/16/93$cJEB$bJEB$i930316$lNJPG
=994  \\$aC0$bPUL
=999  \\$a795061
=979  \\$a(OCoLC)ocn176760946
=852  00$0899732$brcppa$t1$hBP184.3$i.A455 188$xtr fr nec
=959  \\$a2000-06-13 00:00:00 -0400

