=LDR  01207cam a2200289 a 4500
=001  796204
=003  NjP
=005  20170605130940.0
=008  890329q19801989ir\\\\\\\\\\\\000|0\ara\d
=024  7\$aprinceton_aco004677$2local
=035  \\$a(OCoLC)27862359
=035  \\$a(CStRLIN)NJPG89-B15443
=035  \\$9ADW0149TS
=035  \\$a796204
=040  \\$aNjP$cNjP
=100  1\$aMajlisī, Muḥammad Bāqir ibn Muḥammad Taqī,$d1627 or 1628-approximately 1699.$0http://id.loc.gov/authorities/names/n86099931
=240  10$aBiḥār al-anwār.$pKitāb al-samāʼ wa-al-ʻālam
=245  10$aTalkhīṣ Biḥār al-anwār :$bKitāb al-samāʼ wa-al-ʻālam /$ctaʼlīf Muḥammad Bāqir al-Sharīʻatī al-Iṣfahānī.
=260  \\$a[Qum :$bs.n.,$c198-]
=300  \\$a492 p. ;$c24 cm.
=650  \0$aHadith (Shiites)$xEarly works to 1800.$0http://id.loc.gov/authorities/subjects/sh2008121359
=700  2\$aSharīʻatī al-Iṣfahānī, Muḥammad Bāqir.
=911  \\$a19930401
=912  \\$a19930322000000.0
=998  \\$a03/22/93$s9118$nNjP$wNJPG89B15443$d03/29/89$cJEB$bJEB$i930322$lNJPG
=852  80$0900955$brcppa$t1$h2469.61.317 1980z$xtr fr anxa
=959  \\$a2000-06-13 00:00:00 -0500

