=LDR  01412cam a2200325 a 4500
=001  797100
=003  NjP
=005  20170605130954.0
=008  930326m19881990ir\\\\\\\\\\\\00010\ara\d
=024  7\$aprinceton_aco004820$2local
=035  \\$a(OCoLC)27862215
=035  \\$a(CStRLIN)NJPG93-B17318
=035  \\$9ADW1763TS
=035  \\$a797100
=040  \\$aNjP$cNjP
=041  1\$aaraper$hara
=100  1\$aIbn Bābawayh al-Qummī, Muḥammad ibn ʻAlī,$d918 or 919-991 or 992.$0http://id.loc.gov/authorities/names/nr90021741
=240  10$aMan lā yaḥḍuruhu al-faqīh.$lArabic & Persian
=245  10$aTarjamat wa-matn Kitāb man lā yaḥḍuruhu al-faqīh /$ctaʼlīf Shaykh Ṣadūq ibn Bābawayh Abī Jaʻfar Muḥammad ibn ʻAlī ibn al-Ḥusayn Qummī ; mutarjim Muḥammad Jawād Ghaffārī.
=250  \\$aChāp-i 1.
=260  \\$a[Qum] :$bNashr-i Ṣadūq,$c1367-1369 [1988 or 1989-1990]
=300  \\$a6 v. ;$c25 cm.
=650  \0$aIslamic law$xEarly works to 1800.$0http://id.loc.gov/authorities/subjects/sh2008104963
=650  \0$aShiites$xEarly works to 1800.$0http://id.loc.gov/authorities/subjects/sh2010112937
=740  0\$aMan lā yaḥḍuruhu al-faqīh.
=911  \\$a19930401
=912  \\$a19930326000000.0
=998  \\$a03/26/93$s9114$nNjP$d03/26/93$cJEB$bJEB$i930326$lNJPG
=852  80$0902038$brcppa$t1$h2271.415.361.6 1988$xtr fr f
=959  \\$a2000-06-13 00:00:00 -0400

