=LDR  02350cam a2200481 a 4500
=001  803512
=003  NjP
=005  20170605130802.0
=008  930423m19899999ir\\\\\\\\\\\\000\0\ara\d
=024  7\$aprinceton_aco003497$2local
=035  \\$a(OCoLC)ocn176790275
=035  \\$a(OCoLC)28007719
=040  \\$aNjP$cPUL$dPUL
=035  \\$a(OCoLC)176790275
=035  \\$a(CStRLIN)NJPG93-B22894
=035  \\$9ADX6529TS
=035  \\$a(NjP)803512
=079  \\$aocm28007719
=049  \\$aPULL
=100  1\$6880-01$aKāshānī, ʻAlī Farīdat al-Islām,$d1930 or 1931-$0http://id.loc.gov/authorities/names/nr93015349
=240  10$6880-02$aMajmaʻ al-farāʼid fī al-uṣūl
=245  13$6880-03$aal-Mujallad al-awwal min Kitāb majmaʻ al-farāʼid fī al-uṣūl /$cli-muʼallifihi ʻAlī Farīdat al-Islām al-Kāshānī ; bi-ihtimān ʻAlī Aṣghar al-Musallamī al-Kāshānī ; ʻalá nafqat Muḥammad Fayṣal al-Kāshānī.
=250  \\$6880-04$aal-Ṭabʻah 2.
=260  \\$6880-05$aQum :$bMaṭbaʻat Amīr,$c1368- [1989- ]
=300  \\$av. ;$c22 cm.
=650  \0$aIslamic law$xInterpretation and construction.$0http://id.loc.gov/authorities/subjects/sh85068455
=740  0\$6880-06$aMajmaʻ al-farāʼid fī al-uṣūl.
=740  0\$6880-07$aKitāb majmaʻ al-farāʼid fī al-uṣūl.
=880  1\$6100-01/r$aكاشاني، علي فريدة الاسلام،$d1930 or 1931-
=880  10$6240-02/r$aمجمع الفرائد في الاصول
=880  12$6245-03/r$aالمجلد الاول من كتاب مجمع الفرائد في الاصول /$cلمؤلفه علي فريدة الاسلام الكاشاني ؛ باهتمان علي اصغر المسلمي الكاشاني ؛ على نفقة محمد فيصل الكاشاني.
=880  \\$6250-04/r$aالطبعة 2.
=880  \\$6260-05/r$aقم :$bمطبعة امير،$c1368- [1989- ]
=880  0\$6740-06/r$aمجمع الفرائد في الاصول.
=880  0\$6740-07/r$aكتاب مجمع الفرائد في الاصول.
=998  \\$a04/23/93$s9114$nNjP$d04/23/93$cJEB$bJEB$i930423$lNJPG
=911  \\$a19930429
=912  \\$a19930423000000.0
=994  \\$aC0$bPUL
=999  \\$a803512
=852  81$0910334$brcppa$t1$hKBL$i.K3727 1989$xtr fr arab
=866  \0$0910334$80$amujallad 1
=959  \\$a2000-06-13 00:00:00 -0400

