=LDR  01402cam a2200313 a 4500
=001  804718
=003  NjP
=005  20171024103307.0
=008  930428q19001993le\\\\\\\\\\\\000|0\ara\d
=024  7\$aprinceton_aco003461$2local
=035  \\$a(OCoLC)17024721
=035  \\$a(CStRLIN)NJPG93-B23738
=035  \\$9ADX9659TS
=040  \\$aNjP$cNjP
=100  1\$aḤusaynī, Ṣādiq Mahdī.
=245  10$aSharḥ al-ʻUrwah al-wuthqá li-āyat Allāh al-ʻuẓmá wa-al-ḥujjah al-muḥaqqiq al-Sayyid Muḥammad Kāẓim al-Ṭabāṭabāʼī al-Yazdī, quddisa sirruh /$cṢādiq al-Shīrāzī.
=260  \\$aBayrūt :$bDār al-Ṣādiq,$c[19--]
=300  \\$a720 p. ; 25 cm.
=650  \0$aIslamic law.$0http://id.loc.gov/authorities/subjects/sh85068454
=650  \0$aHanbalites.$0http://id.loc.gov/authorities/subjects/sh85058613
=650  \0$aPrayer$xIslam.$0http://id.loc.gov/authorities/subjects/sh85106123
=700  1\$aṬabāṭabāʼī al-Yazdī, Muḥammad Kāẓim,$d-1919.$tʻUrwah al-wuthqá.$0http://id.loc.gov/authorities/names/n86099941
=856  4\$uhttp://hdl.handle.net/2027/njp.32101020967103
=998  \\$a04/28/93$s9114$nNjP$d04/28/93$cJAB$bJAB$i930428$lNJPG
=911  \\$a19930506
=912  \\$a19930428000000.0
=852  80$0912329$brcppa$t1$hKBL$i.H872 1900z$xtr fr arab
=852  8\$08684040$belf1$hElectronic Resource
=959  \\$a2000-06-08 00:00:00 -0400

