=LDR  01560cam a2200385 a 4500
=001  806977
=003  NjP
=005  20171024103438.0
=008  930507s1912\\\\ir\\\\\\\b\\\\000\0\ara\d
=024  7\$aprinceton_aco003441$2local
=035  \\$a(OCoLC)ocn176802069
=040  \\$aNjP$cPUL$dPUL
=035  \\$a(OCoLC)176802069
=035  \\$a(CStRLIN)NJPG93-B25897
=035  \\$9ADY3752TS
=035  \\$a(NjP)806977
=079  \\$aocm28105759
=049  \\$aPULL
=100  1\$6880-01$aḤāʼirī al-Yazdī, ʻAbd al-Karīm,$d1859 or 60-1937.
=245  10$6880-02$aDurar al-fawāʼid /$clil-ʻallāmah ʻAbd al-Karīm al-Ḥāʼirī al-Yazdī.
=260  \\$6880-03$a[Qum] :$bMaṭbaʻat al-Budharjanhurī,$c1331 [1912 or 1913]
=300  \\$a205 p. ;$c24 cm.
=504  \\$aIncludes bibliographical references.
=650  \0$aIslamic law$xInterpretation and construction.$0http://id.loc.gov/authorities/subjects/sh85068455
=650  \0$aShiites.$0http://id.loc.gov/authorities/subjects/sh85121432
=880  1\$6100-01/r$aحائري اليزدي، عبد الكريم،$d1859 or 60-1937.
=880  10$6245-02/r$aدرر الفوائد /$cللعلامة عبد الكريم الحائري اليزدي.
=880  \\$6260-03/r$a[قم] :$bمطبعة البذرجنهري،$c1331 [1912 or 1913]
=998  \\$a05/07/93$s9114$nNjP$d05/07/93$cJAB$bJAB$i930507$lNJPG
=911  \\$a19930513
=912  \\$a19930507000000.0
=994  \\$aC0$bPUL
=999  \\$a806977
=852  80$0915073$brcppa$t1$hKBL$i.H347 1912$xtr fr arab
=959  \\$a2000-06-13 00:00:00 -0400

