=LDR  01072cam a2200289 a 4500
=001  807500
=003  NjP
=005  20171024103501.0
=008  930511s1987\\\\ir\\\\\\\b\\\\00010\ara\d
=024  7\$aprinceton_aco003005$2local
=035  \\$a(OCoLC)28144032
=035  \\$a(CStRLIN)NJPG93-B26242
=035  \\$9ADY5721TS
=040  \\$aNjP$cNjP
=100  1\$aMudarrisī, Muḥammad Taqī.
=245  13$aal-Mujtamaʻ al-Islāmī :$bmunṭalaqātuhu wa-ahdāfuh /$cMuḥammad Taqī al-Mudarrisī.
=250  \\$aal-Ṭabʻah 5.
=260  \\$a[Qum?] :$bMaktab al-ʻAllāmah al-Mudarrisī,$c[1987?]
=300  \\$a268 p. ;$c25 cm.
=504  \\$aIncludes bibliographical references.
=650  \0$aIslamic sociology.$0http://id.loc.gov/authorities/subjects/sh85124226
=650  \0$aIslam$y20th century.$0http://id.loc.gov/authorities/subjects/sh85068392
=998  \\$a05/11/93$s9114$nNjP$d05/11/93$cJEB$bJEB$i930511$lNJPG
=911  \\$a19930520
=912  \\$a19930511000000.0
=852  00$0915758$brcppa$t1$hBP173.25$i.M825 1987$xtr fr arab
=959  \\$a2000-06-13 00:00:00 -0500

