=LDR  01795cam a2200457 a 4500
=001  807506
=003  NjP
=005  20171024103501.0
=008  930511m19909999ir\\\\\\\b\\\\000\0\ara\d
=024  7\$aprinceton_aco002652$2local
=035  \\$a(OCoLC)ocn176803766
=040  \\$aNjP$cPUL$dPUL
=035  \\$a(OCoLC)176803766
=035  \\$a(CStRLIN)NJPG93-B26248
=035  \\$9ADY5727TS
=035  \\$a(NjP)807506
=043  \\$ama-----
=079  \\$aocm28144043
=049  \\$aPULL
=100  1\$6880-01$aMudarrisī, Muḥammad Taqī.
=245  14$6880-02$aal-ʻAmal al-Islāmī /$c[Muḥammad Taqī al-Mudarrisī]
=250  \\$6880-03$aal-Ṭabʻah 1.
=260  \\$6880-04$a[Qum?] :$bMaktab Āyat Allāh al-Mudarrisī,$c1410- [1990- ]
=300  \\$av. ;$c24 cm.
=504  \\$aIncludes bibliographical references.
=650  \0$aIslam$y20th century.$0http://id.loc.gov/authorities/subjects/sh85068392
=650  \0$aIslam and politics.$0http://id.loc.gov/authorities/subjects/sh85068420
=650  \0$aIslam and politics$zArab countries.$0http://id.loc.gov/authorities/subjects/sh2008104935
=651  \0$aArab countries$xPolitics and government$y1945-$0http://id.loc.gov/authorities/subjects/sh85006286
=880  1\$6100-01/r$aمدرسي، محمد تقي.
=880  12$6245-02/r$aالعمل الاسلامي /$c[محمد تقي المدرسي]
=880  \\$6250-03/r$aالطبعة 1.
=880  \\$6260-04/r$a[قم؟] :$bمكتب آية الله المدرسي،$c1410- [1990- ]
=998  \\$a05/11/93$s9114$nNjP$d05/11/93$cJEB$bJEB$i930511$lNJPG
=911  \\$a19930520
=912  \\$a19930511000000.0
=994  \\$aC0$bPUL
=999  \\$a807506
=852  01$0915764$brcppa$t1$hBP60$i.M83 1990$xtr fr arab
=866  \0$0915764$80$ajuzʾ 3
=959  \\$a2000-06-13 00:00:00 -0500

