=LDR  02423cam a2200457 a 4500
=001  807657
=003  NjP
=005  20190705142026.0
=008  930512m19859999ir\\\\\\\\\\\\000\0\ara\d
=024  7\$aprinceton_aco004281$2local
=035  \\$a(CStRLIN)NJPG93-B26434
=035  \\$9ADY5879TS
=035  \\$a(NjP)807657
=040  \\$aNjP$cPUL$dPUL
=049  \\$aPULL
=035  \\$a(OCoLC)ocm28144268
=100  1\$6880-01$aSharīf al-Kāshānī, Ḥabīb Allāh,$dd. 1921 or 2.$0http://id.loc.gov/authorities/names/nr98019814
=240  10$6880-02$aMuntaqid al-manāfiʻ fī sharḥ al-mukhtaṣar al-nāfiʻ
=245  10$6880-03$aKitāb muntaqid al-manāfiʻ fī sharḥ al-mukhtaṣar al-nāfiʻ /$clil-mujtahid Ḥabīb Allāh al-Sharīf al-Kāshānī.
=250  \\$aChāp-i 1.
=260  \\$6880-04$a[Tehran] :$bĀyat-- zādah Sharīf Kāshānī,$c1364- [1985- ]
=300  \\$av. ;$c36 cm.
=534  \\$pReprint.
=500  \\$6880-05$a"Maʻa risālat al-Qawl al-nāfiʻ fī tarjamat ṣāḥib Muntaqid al-manāfiʻ bi-qalam aḥad kibār al-ʻulamāʼ al-afāḍil al-muʻāṣirīn"--V. 4, t.p.
=650  \0$aIslamic law$xInterpretation and construction.$0http://id.loc.gov/authorities/subjects/sh85068455
=740  0\$6880-06$aMuntaqid al-manāfiʻ fī sharḥ al-mukhtaṣar al-nāfiʻ.
=880  1\$6100-01/r$aشريف الكاشاني، حبيب الله،$dd. 1921 or 2.
=880  10$6240-02/r$aمنتقد المنافع في شرح المختصر النافع
=880  10$6245-03/r$aكتاب منتقد المنافع في شرح المختصر النافع /$cللمجتهد حبيب الله الشريف الكاشاني.
=880  \\$6260-04/r$a[طهران] :$bآيت زادة شريف كاشاني،$c1364- [1985- ]
=880  \\$6500-05/r$a"مع رسالة القول النافع في ترجمة صاحب منتقد المنافع بقلم احد كبار العلماء الافاضل المعاصرين"V. 4, t.p.
=880  0\$6740-06/r$aمنتقد المنافع في شرح المختصر النافع.
=998  \\$a05/12/93$s9114$nNjP$d05/12/93$cJEB$bJEB$i930512$lNJPG
=911  \\$a19930520
=912  \\$a19981008052702.0
=994  \\$aC0$bPUL
=999  \\$a807657
=979  \\$a(OCoLC)ocn176804312
=852  81$0915923$brcppa$t1$cOversize$hKBL$i.K373 1985q$xtr fr arab
=866  \0$0915923$80$amujallad 4
=959  \\$a2000-06-13 00:00:00 -0500

