=LDR  02172cam a2200385 a 4500
=001  808960
=003  NjP
=005  20190705142028.0
=008  930517s1988\\\\ir\\\\\\\\\\\\000\0\ara\d
=024  7\$aprinceton_aco003822$2local
=040  \\$aNjP$cPUL$dPUL
=035  \\$a(CStRLIN)NJPG93-B27582
=035  \\$9ADY8522TS
=035  \\$a(NjP)808960
=049  \\$aPULL
=035  \\$a(OCoLC)ocm28191563
=100  1\$6880-01$aBurūjirdī, Ḥusayn al-Ṭabāṭabāʼī,$d1875-1961.$0http://id.loc.gov/authorities/names/n87828422
=240  10$aSelections
=245  10$6880-02$aHādhā huwa al-juzʼ al-awwal[-al-thānī] min baʻḍ nusakh mā allafahu al-faqīh al-zāhid fakhr al-Shīʻah al-muḥyī al-sharīʻah al-ʻallāmah al-kubrá wa-Āyat Allāh al-ʻUẓmá al-ḥājj Āqā Ḥusayn al-Ṭabāṭabāʼī al-Burūjirdī ṭāba tharāhu fī tajrīd asānīd al-kāfī ... /$cʻuniya bi-istinsākhihi wa-taʻyīn mawāḍiʻ al-isnād Mahdī al-Ṣādiqī.
=260  \\$a[Iran :$bs.n.],$c1409 [1988 or 1989]
=300  \\$a2 v. ;$c24 cm.
=650  \0$aHadith$xAuthorities.$0http://id.loc.gov/authorities/subjects/sh85058194
=740  0\$6880-03$aTajrīd asānīd al-kāfī.
=880  1\$6100-01/r$aبروجردي، حسين الطباطبائي،$d1875-1961.
=880  10$6245-02/r$aهذا هو الجزء الاول[الثاني] من بعض نسخ ما الفه الفقيه الزاهد فخر الشيعة المحيي الشريعة العلامة الكبرى وآية الله العظمى الحاج آقا حسين الطباطبائي البروجردي طاب ثراه في تجريد اسانيد الكافي ... /$cعني باستنساخه وتعيين مواضع الاسناد مهدي الصادقي.
=880  0\$6740-03/r$aتجريد اسانيد الكافي.
=998  \\$a05/17/93$s9114$nNjP$d05/17/93$cJEB$bXXX$i930517$lNJPG
=911  \\$a19930527
=912  \\$a19930517000000.0
=994  \\$aC0$bPUL
=999  \\$a808960
=979  \\$a(OCoLC)ocn176808939
=852  00$0917376$brcppa$t1$hBP136.4$i.B878 1988$xtr fr nec
=866  \0$0917376$ajuz' 1-2
=959  \\$a2000-06-13 00:00:00 -0400

