=LDR  03656cam a2200553 a 4500
=001  810543
=003  NjP
=005  20190705142028.0
=008  930525m19769999ir\\\\\\\b\\\\000\0\ara\d
=024  7\$aprinceton_aco004530$2local
=035  \\$a(CStRLIN)NJPG93-B28929
=035  \\$9ADZ2301TS
=035  \\$a(NjP)810543
=040  \\$aNjP$cPUL$dPUL
=049  \\$aPULL
=035  \\$a(OCoLC)ocn176014576
=100  1\$6880-01$aṢādiqī, Muḥammad ʻAlī.
=240  10$6880-02$aṬahārah min sharḥ al-Sharāyiʻ
=245  10$6880-03$aKitāb al-ṭahārah min sharḥ al-Sharāyiʻ :$btaqrīran li-baḥth qudwat al-fuqahāʼ wa-al-mujtahidīn khātimat al-muḥaqqiqīn Āyat Allāh al-ʻUẓmá wa-ḥujjatuhu al-kubrá al-Sayyid ʻAlī al-ʻAllāmah al-Fānī al-Iṣfahānī ... /$cMuḥammad ʻAlī al-Ḥusaynī al-Ṣādiqī al-Iṣfahānī.
=260  \\$6880-04$a[Qum ] :$bal-Maṭbaʻah al-ʻIlmīyah,$c1397- [1976 or 1977- ]
=300  \\$av. ;$c24 cm.
=500  \\$6880-05$aTitle on v. 4, t.p.: Ārāʼ samāḥat Āyat Allāh al-ʻUẓmá al-Imām al-Sayyid ʻAlī al-ʻAllāmah al-Fānī al-Iṣfahānī ḥawla Kitāb al-ṭahārah min sharḥ al-Sharāyiʻ.
=500  \\$aTitle varies.
=504  \\$aIncludes bibliographical references.
=600  10$6880-06$aMuḥaqqiq al-Ḥillī, Jaʻfar ibn al-Ḥasan,$d1205 or 1206-1277.$tSharāʼiʻ al-Islām.$pKitāb al-ṭahārah.
=650  \0$aPurity, Ritual$xIslam.$0http://id.loc.gov/authorities/subjects/sh85109199
=700  1\$6880-07$aFānī, ʻAlī.
=740  0\$6880-08$aĀrāʼ ḥawla Kitāb al-Ṭahārah min sharḥ al-Sharāyiʻ.
=740  0\$6880-09$aṬahārah min sharḥ al-Sharāyiʻ.
=740  0\$6880-10$aĀrāʼ samāḥat Āyat Allāh al-ʻUẓmá al-Imām al-Sayyid ʻAlī al-ʻAllāmah al-Fānī al-Iṣfahānī ḥawla Kitāb al-ṭahārah min sharḥ al-Sharāyiʻ.
=880  1\$6100-01/r$aصادقي، محمد علي.
=880  10$6240-02/r$aطهارة من شرح الشرايع
=880  10$6245-03/r$aكتاب الطهارة من شرح الشرايع :$bتقريرن لبحث قدوة الفقهاء والمجتهدين خاتمة المحققين آية الله العظمى وحجته الكبرى السيد علي العلامة الفاني الاصفهاني ... /$cمحمد علي الحسيني الصادقي الاصفهاني.
=880  \\$6260-04/r$a[قم ] :$bالمطبعة العلمية،$c1397- [1976 or 1977- ]
=880  \\$6500-05/r$aTitle on v. 4, t.p.: آراء سماحة آية الله العظمى الامام السيد علي العلامة الفاني الاصفهاني حول كتاب الطهارة من شرح الشرايع.
=880  14$6600-06/r$aمحقق الحلي، جعفر بن الحسن،$d1205 or 1206-1277.$tشرائع الاسلام.$pكتاب الطهارة.
=880  1\$6700-07/r$aفاني، علي.
=880  0\$6740-08/r$aآراء حول كتاب الطهارة من شرح الشرايع.
=880  0\$6740-09/r$aطهارة من شرح الشرايع.
=880  0\$6740-10/r$aآراء سماحة آية الله العظمى الامام السيد علي العلامة الفاني الاصفهاني حول كتاب الطهارة من شرح الشرايع.
=998  \\$a03/17/94$s9114$nNjP$wNJPG93B28929$d05/25/93$cJEB$bKC$i940317$lNJPG
=911  \\$a19940324
=912  \\$a19990707041753.0
=994  \\$aC0$bPUL
=999  \\$a810543
=979  \\$a(OCoLC)ocn176814675
=852  81$0919377$brcppa$t1$h2271.3553.895$xtr fr f
=866  \0$0919377$60$ajuzʾ 1-5
=959  \\$a2000-06-13 00:00:00 -0500

