=LDR  01588cam a2200361 a 4500
=001  811145
=003  NjP
=005  20171024103713.0
=008  930527m19891991ir\\\\\\\b\\\\000\0\ara\d
=024  7\$aprinceton_aco004260$2local
=020  \\$a9648859248 (v. 12)
=035  \\$a(OCoLC)28225430
=035  \\$a(CStRLIN)NJPG93-B29547
=035  \\$9ADZ2903TS
=040  \\$aNjP$cNjP
=100  0\$aMarūjī al-Qazwīnī, ʻAlī.
=245  10$aTamhīd al-wasāʾil fī sharḥ al-Rasāʾil li-ustādh al-fuqahāʾ wa-al-mujtahidīn al-Shaykh Murtaḍá al-Anṣārī ... /$ctaʾlīf ʻAlī al-Marūjī al-Qazwīnī.
=250  \\$aal-Ṭabʻah 1.
=260  \\$a[Iran?] :$bMaṭbaʻat Maktab al-Nashr al-Islāmī,$c1410- [1989 or 1990]-
=300  \\$av. ;$c24 cm.
=504  \\$aIncludes bibliographical references.
=500  \\$aVol. 4 has publisher: Maktabat al-ʻAzīzī.
=500  \\$aVol. 10-12 has been published by Intishārāt-i Bahman Ārā
=500  \\$aPublisher varies.
=600  10$aAnṣārī, Murtaḍá ibn Muḥammad Amīn,$d1799 or 1800-1864.$tRasāʾil.$0http://id.loc.gov/authorities/names/n91115298
=650  \0$aIslamic law$xInterpretation and construction.$0http://id.loc.gov/authorities/subjects/sh85068455
=998  \\$a05/27/93$s9114$nNjP$d05/27/93$cJEB$bJEB$i930527$lNJPG
=911  \\$a19930610
=912  \\$a19970818062220.0
=852  81$0920004$brcppa$t1$h2264.1185.804$xtr fr f
=866  \0$0920004$aJuzʾ 1- juzʼ 12 (published in 1427 [2006 or 2007])
=866  \0$0920004$xDESIGNATOR: Juzʾ
=959  \\$a2000-06-13 00:00:00 -0500

