=LDR  00986cam a2200265 a 4500
=001  823884
=003  NjP
=005  20171024104414.0
=008  930727q19701979ir\af\\\\\\\\\000\0\ara\d
=024  7\$aprinceton_aco003627$2local
=035  \\$a(OCoLC)28579276
=035  \\$a(CStRLIN)NJPG93-B40642
=035  \\$9AEB8853TS
=040  \\$aNjP$cNjP
=245  00$aZiyārat Shaykh al-Azhar lil-Jāmiʻah al-Islāmīyah fī Qum, Īrān, 19 Jumādá al-Awwal 1391.
=260  \\$aQum :$bDār al-Tablīgh al-Islāmī,$c[197-]
=300  \\$a27 p., [1] leaf of plates :$bill. ;$c22 cm.
=440  \0$aFī ṭarīq al-waḥdah al-Islāmīyah
=650  \0$aShīʻah$xRelations.$0http://id.loc.gov/authorities/subjects/sh2012000823
=650  \0$aPanislamism$xMiscellanea.
=998  \\$a07/27/93$s9114$nNjP$d07/27/93$cJEB$bJEB$i930727$lNJPG
=911  \\$a19930805
=912  \\$a19930727000000.0
=852  00$0936823$brcppa$t1$hBP194.15$i.Z592 1970z$xtr fr nec
=959  \\$a2000-06-13 00:00:00 -0400

