=LDR  01002cam a2200277 a 4500
=001  831178
=003  NjP
=005  20171024104813.0
=008  930826s1894\\\\ua\\\\\\\\\\\\00010\ara\d
=024  7\$aprinceton_aco003695$2local
=035  \\$a(OCoLC)23522708
=035  \\$a(CStRLIN)NJPG93-B47002
=035  \\$9AED2568TS
=040  \\$aMiU$cMiU$dNjP
=043  \\$ae------
=100  0\$aAḥmad Zakī,$d1886 (ca.)-1934.
=245  13$aal-Safar ilá al-muʾtamar /$cwa-hiya al-rasāʾil al-latī katabahā ʻalá Urūbbā Aḥmad Zakī.
=250  \\$aal-Ṭabʻah 2.
=260  \\$aBūlāq :$bal-Maṭbaʻah al-Kubrá al-Amīrīyah,$c1894.
=300  \\$a520 p. ;$c19 cm.
=651  \0$aEurope$xDescription and travel.$0http://id.loc.gov/authorities/subjects/sh85045661
=998  \\$a08/26/93$s9124$nNjP$wMIUG87B52858$d08/26/93$cJAB$bJAB$i930826$lNJPG
=911  \\$a19930909
=912  \\$a19930826000000.0
=852  00$0946018$brcppa$t1$hD967$i.A352 1894$xtr fr anxa
=959  \\$a2000-06-13 00:00:00 -0400

