=LDR  02054cam a2200433 a 4500
=001  836310
=003  NjP
=005  20190705142200.0
=008  930921s1906\\\\ua\\\\\\\\\\\\000\0\ara\d
=024  7\$aprinceton_aco004627$2local
=035  \\$a(CStRLIN)NJPG93-B51289
=035  \\$9AEE4243TS
=035  \\$a(NjP)836310
=040  \\$aNjP$cPUL$dPUL
=049  \\$aPULL
=035  \\$a(OCoLC)ocm28930940
=100  1\$6880-01$aRāghib al-Iṣfahānī, Abū al-Qāsim al-Ḥusayn ibn Muḥammad,$d-1108 or 1109.$0http://id.loc.gov/authorities/names/n85821054
=240  10$6880-02$aDharīʻah ilá makārim al-sharīʻah
=245  10$6880-03$aKitāb al-dharīʻah ilá makārim al-sharīʻah /$cli-Abī al-Qāsim al-Ḥusayn ibn Muḥammad ibn al-Mufaḍḍal bi-al-Rāghib al-Iṣfahānī.
=250  \\$6880-04$aal-Ṭabʻah 1.
=260  \\$6880-05$aMiṣr :$bal-Maṭbaʻah al-Sharafīyah,$c1324 [1906 or 1907]
=300  \\$a191 p. ;$c20 cm.
=650  \0$aTheological anthropology$xIslam$vEarly works to 1800.
=650  \0$aReligious life$xIslam$vEarly works to 1800.$0http://id.loc.gov/authorities/subjects/sh86008165
=880  1\$6100-01/r$aراغب الاصفهاني، ابو القاسم الحسين بن محمد،$d-1108 or 1109.
=880  10$6240-02/r$aذريعة الى مكارم الشريعة
=880  10$6245-03/r$aكتاب الذريعة الى مكارم الشريعة /$cلابي القاسم الحسين بن محمد بن المفضل بالراغب الاصفهاني.
=880  \\$6250-04/r$aالطبعة 1.
=880  \\$6260-05/r$aمصر :$bالمطبعة الشرفية،$c1324 [1906 or 1907]
=856  4\$uhttp://hdl.handle.net/2027/njp.32101064066333
=998  \\$a09/21/93$s9114$nNjP$d09/21/93$cJAB$bJAB$i930921$lNJPG
=911  \\$a19930930
=912  \\$a19951017063755.0
=994  \\$aC0$bPUL
=999  \\$a836310
=979  \\$a(OCoLC)ocn176280842
=852  80$0952256$brcppa$t1$h2274.33.329 1906$xtr fr anxa
=852  8\$08684563$belf1$hElectronic Resource
=959  \\$a2000-06-08 00:00:00 -0500

