=LDR  01314cam a2200277 a 4500
=001  836337
=003  NjP
=005  20170619131221.0
=008  930921s1895\\\\ua\\\\\\\\\\\\00010\ara\d
=024  7\$aprinceton_aco004646$2local
=035  \\$a(OCoLC)28930947
=035  \\$a(CStRLIN)NJPG93-B51318
=035  \\$9AEE4270TS
=040  \\$aNjP$cNjP
=100  1\$aQādī, ʻAbd al-Raḥīm ibn Aḥmad.
=245  10$aDaqāʾiq al-akhbār fī dhikr al-jannah wa-al-nār /$cli-ʻAbd al-Raḥīm ibn Aḥmad al-Qādī. Wa-bi-hāmishih, Kitāb al-durar al-ḥisān fī al-baʻth wa-naʻīm al-jinān / lil-Suyūṭī.
=260  \\$aMiṣr :$bal-Maṭbaʻah al-ʻĀmirah al-ʻUthmānīyah,$c1313 [1895 or 1896]
=300  \\$a40 p. ;$c28 cm.
=533  \\$aPhotocopy.$b[Princeton, NJ :$cPrinceton University Photo Services,$d1987.
=650  \0$aIslamic eschatology$xEarly works to 1800.$0http://id.loc.gov/authorities/subjects/sh2008119864
=700  02$aSuyūṭī,$d1445-1505.$tDurar al-ḥisān fī al-baʻth wa-naʻīm al-jinān.$f1886.$0http://id.loc.gov/authorities/names/n80081636
=998  \\$a09/21/93$s9114$nNjP$d09/21/93$cJAB$bJAB$i930921$lNJPG
=911  \\$a19930930
=912  \\$a19930921000000.0
=852  80$0952291$brcppa$t1$h2272.7545.328 1895$xtr fr anxa
=959  \\$a2000-06-13 00:00:00 -0500

