=LDR  02474cam a2200457 a 4500
=001  836399
=003  NjP
=005  20190705142201.0
=008  930921s1883\\\\ua\\\\\\\\\\\\000\0\ara\d
=024  7\$aprinceton_aco004576$2local
=035  \\$a(CStRLIN)NJPG93-B51392
=035  \\$9AEE4334TS
=035  \\$a(NjP)836399
=040  \\$aMiU$cPUL$dPUL
=049  \\$aPULL
=035  \\$a(OCoLC)ocm28930965
=100  1\$6880-01$aIbn ʻĀbidīn, Muḥammad Amīn ibn ʻUmar,$d1783 or 1784-1836.$0http://id.loc.gov/authorities/names/n84077368
=240  10$6880-02$aʻUqūd al-durrīyah fī tanqīḥ al-fatāwī al-Ḥāmidīyah
=245  13$6880-03$aal-Juzʼ al-awwal[-al-thānī] min al-ʻUqūd al-durrīyah fī tanqīḥ al-fatāwá al-Ḥāmidīyah /$cta'līf Muḥammad Amīn al-shahīr bi-Ibn ʻĀbidīn.
=250  \\$6880-04$aal-Ṭabʻah 2.
=260  \\$6880-05$aBūlāq, Miṣr :$bal-Maṭbaʻah alʻĀmirah al-Mīrīyah,$c1300 [i.e. 1882 or 1883]
=300  \\$a2 v. in 1 ;$c28 cm.
=650  \0$aFatwas.$0http://id.loc.gov/authorities/subjects/sh85047475
=650  \0$aIslamic law.$0http://id.loc.gov/authorities/subjects/sh85068454
=600  10$6880-06$aʻImādī, Ḥamīd ibn ʻAlī ibn Ibrāhīm,$d1692-1758.$tFatāwá al-Ḥāmidīyah.
=740  0\$6880-07$aʻUqūd al-durrīyah fī tanqīḥ al-fatāwī al-Ḥāmidīyah.
=880  1\$6100-01/r$aابن عابدين، محمد بن عمر،$d1783 or 1784-1836.
=880  10$6240-02/r$aعقود الدرية في تنقيح الفتاوي الحامدية
=880  12$6245-03/r$aالجزء الاول[الثاني] من العقود الدرية في تنقيح الفتاوى الحامدية /$cت'ليف محمد امين الشهير بابن عابدين.
=880  \\$6250-04/r$aالطبعة 2.
=880  \\$6260-05/r$aبولاق، مصر :$bالمطبعة العامرة الميرية،$c1300 [ا.. 1882 or 1883]
=880  10$6600-06/r$aعمادي، حميد بن علي بن ابراهيم،$d1692-1758.$tفتاوى الحامدية.
=880  0\$6740-07/r$aعقود الدرية في تنقيح الفتاوي الحامدية.
=998  \\$a09/21/93$s9114$nNjP$wMIUG82B54399$d09/21/93$cJAB$bJAB$i930921$lNJPG
=911  \\$a19930930
=912  \\$a19930921000000.0
=994  \\$aC0$bPUL
=999  \\$a836399
=979  \\$a(OCoLC)ocn176281095
=852  80$0952355$brcppa$t1$h2271.4069.349 1882$xtr fr anxa
=959  \\$a2000-06-13 00:00:00 -0500

