=LDR  01878cam a2200409 a 4500
=001  836659
=003  NjP
=005  20190705142202.0
=008  930923s1855\\\\ua\\\\\\\\\\\\000\0\ara\d
=024  7\$aprinceton_aco004422$2local
=035  \\$a(CStRLIN)NJPG93-B51674
=035  \\$9AEE4595TS
=035  \\$a(NjP)836659
=040  \\$aNjP$cPUL$dPUL
=049  \\$aPULL
=035  \\$a(OCoLC)ocm28931063
=100  0\$6880-01$aḤarīrī,$d1054-1122.$0http://id.loc.gov/authorities/names/n82164402
=240  10$6880-02$aMaqāmāt al-Ḥarīrī fī al-lughah al-ʻArabīyah wa-al-funnūn al-adabīyah
=245  10$6880-03$aKitāb Maqāmāt al-Ḥarīrī fī al-lughah al-ʻArabīyah wa-al-funnūn al-adabīyah.
=260  \\$6880-04$aal-Qāhirah :$bDār al-Ṭibāʻah al-Bāhirah,$c1272 [1855 or 1856]
=300  \\$a419 p. ;$c26 cm.
=740  0\$6880-05$aMaqāmāt al-Ḥarīrī fī al-lughah al-ʻArabīyah wa-al-funnūn al-adabīyah.
=880  0\$6100-01/r$aحريري،$d1054-1122.
=880  10$6240-02/r$aمقامات الحريري في اللغة العربية والفنون الادبية
=880  10$6245-03/r$aكتاب مقامات الحريري في اللغة العربية والفنون الادبية.
=880  \\$6260-04/r$aالقاهرة :$bدار الطباعة الباهرة،$c1272 [1855 or 1856]
=880  0\$6740-05/r$aمقامات الحريري في اللغة العربية والفنون الادبية.
=856  4\$uhttp://hdl.handle.net/2027/njp.32101063974115
=998  \\$a09/23/93$s9114$nNjP$d09/23/93$cJAB$bJAB$i930923$lNJPG
=911  \\$a19930930
=912  \\$a19930923000000.0
=994  \\$aC0$bPUL
=999  \\$a836659
=979  \\$a(OCoLC)ocn176281829
=852  80$0952658$brcppa$t1$h2271.32.361 1885$xtr fr anxa
=852  8\$08684572$belf1$hElectronic Resource
=959  \\$a2000-06-08 00:00:00 -0500

