=LDR  02263cam a2200457 a 4500
=001  838848
=003  NjP
=005  20190705142208.0
=008  931004m18649999le\\\\\\\\\\\\000\0\ara\d
=024  7\$aprinceton_aco004639$2local
=040  \\$aNjP$cPUL$dPUL
=035  \\$a(CStRLIN)NJPG93-B53484
=035  \\$9AEF1971TS
=035  \\$a(NjP)838848
=043  \\$aa-su---
=049  \\$aPULL
=035  \\$a(OCoLC)ocm29685234
=100  1\$6880-01$aQasṭallānī, Aḥmad ibn Muḥammad,$d1447 or 8-1517 or 18.$0http://id.loc.gov/authorities/names/nr92013894
=240  10$6880-02$aMawāhib al-ladunīyah bi-al-minaḥ al-Muḥammadīyah
=245  10$6880-03$aHādhā al-juzʼ al-awwal [-al-thānī] min kitāb al-Mawāhib al-ladunīyah bi-al-minaḥ al-Muḥammadīyah /$ctaʼlīf Aḥmad ibn Muḥammad ibn Abī Bakr al-Khaṭīb al-Qasṭallānī.
=260  \\$6880-04$aMiṣr :$bMaṭbaʻat Muḥammad Shāhīn,$c1281- [1864 or 1865- ]
=300  \\$av. ;$c30 cm.
=600  00$aMuḥammad,$cProphet,$dd. 632.$0http://id.loc.gov/authorities/names/n79130881
=650  \0$aIslam$zSaudi Arabia$xBiography.
=740  0\$6880-05$aMawāhib al-ladunīyah bi-al-minaḥ al-Muḥammadīyah.
=856  4\$uhttp://catalog.hathitrust.org/Record/008929190
=880  1\$6100-01/r$aقسطلاني، احمد بن محمد،$d1447 or 8-1517 or 18.
=880  10$6240-02/r$aمواهب اللدنية بالمنح المحمدية
=880  10$6245-03/r$aهذا الجزء الاول [الثاني] من كتاب المواهب اللدنية بالمنح المحمدية /$cتأليف احمد بن محمد بن ابي بكر الخطيب القسطلاني.
=880  \\$6260-04/r$aمصر :$bمطبعة محمد شاهين،$c1281- [1864 or 1865- ]
=880  0\$6740-05/r$aمواهب اللدنية بالمنح المحمدية.
=998  \\$a01/12/94$s9114$nNjP$wNJPG93B53484$d10/04/93$cJAB$bJAB$i940112$lNJPG
=911  \\$a19940120
=912  \\$a19940112000000.0
=994  \\$aC0$bPUL
=999  \\$a838848
=979  \\$a(OCoLC)ocn176287652
=852  81$0955137$brcppa$t1$cOversize$h2272.837.362 1864q$xtr fr anxa
=866  \0$0955137$60$aal-juzʾ 1-2
=852  8\$08684586$belf1$hElectronic Resource
=959  \\$a2000-06-08 00:00:00 -0500

