=LDR  01359cam a2200385 a 4500
=001  839977
=003  NjP
=005  20190705142210.0
=008  931008q19801989ir\\\\\\\l\\\\000\0\ara\d
=024  7\$aprinceton_aco003696$2local
=040  \\$aNjP$cPUL$dPUL
=035  \\$a(CStRLIN)NJPG93-B54777
=035  \\$9AEF3103TS
=035  \\$a(NjP)839977
=041  1\$aara$hper
=043  \\$aa-ir---
=049  \\$aPULL
=035  \\$a(OCoLC)ocm29038502
=110  1\$aIran.$0http://id.loc.gov/authorities/names/n79039880
=240  10$6880-01$aQānūn-i Asāsī (1979).$lArabic
=245  10$6880-02$aDustūr Jumhūrīyat al-Islāmīyah Īrān.
=260  \\$6880-03$a[Iran] :$bal-Qism al-Thaqāfī li-Muʼassasat al-Shahīd,$c[198-?]
=300  \\$a87 p. ;$c21 cm.
=651  \0$aIran$xConstitution.
=880  10$6240-01/r$aقانونا اساسي (1979).$lArabic
=880  10$6245-02/r$aدستور جمهورية الاسلامية ايران.
=880  \\$6260-03/r$a[ايران] :$bالقسم الثقافي لمؤسسة الشهيد،$c[198-؟]
=998  \\$a10/08/93$s9114$nNjP$d10/08/93$cJEB$bJEB$i931008$lNJPG
=911  \\$a19931014
=912  \\$a19931008000000.0
=994  \\$aC0$bPUL
=999  \\$a839977
=979  \\$a(OCoLC)ocn176290721
=852  00$0956368$brcppa$t1$hKMH2064.51979125 1980z$xtr fr arab
=959  \\$a2000-06-13 00:00:00 -0400

