=LDR  02160cam a2200433 a 4500
=001  845851
=003  NjP
=005  20190705142223.0
=008  931104s1989\\\\ir\\\\\\\b\\\\000\0\ara\d
=024  7\$aprinceton_aco004228$2local
=040  \\$aNjP$cPUL$dPUL
=035  \\$a(CStRLIN)NJPG93-B60276
=035  \\$9AEG5272TS
=035  \\$a(NjP)845851
=049  \\$aPULL
=035  \\$a(OCoLC)ocm29327841
=100  1\$6880-01$aAʻsam, Muḥammad ʻAlī ibn Ḥusayn,$dd. 1818?$0http://id.loc.gov/authorities/names/nr93047419
=240  10$6880-02$aManẓūmah.$kSelections
=245  10$6880-03$aManẓūmat Ibn al-Aʻsam fī al-maʼkal wa-al-mashrab /$cMuḥammad ʻAlī ibn Ḥusayn al-Zabīdī al-Najafī ; taṣḥīḥ Majmaʻ al-Buḥūth al-Islāmīyah.
=250  \\$6880-04$aal-Ṭabʻah 1.
=260  \\$6880-05$aMashhad, Īrān :$bMajmaʻ al-Buḥūth al-Islāmīyah,$c1410 [1989 or 1990]
=300  \\$a43 p. ;$c22 cm.
=504  \\$aIncludes bibliographical references.
=650  \0$aFood$xReligious aspects$xIslam.$0http://id.loc.gov/authorities/subjects/sh85050218
=710  2\$6880-06$aĀstān-i Quds-i Raz̤avī (Organization).$bBunyād-i Pizhūhishhā-yi Islāmī.$0http://id.loc.gov/authorities/names/nr93020453
=880  1\$6100-01/r$aاعسم، محمد علي بن حسين،$dd. 1818؟
=880  10$6240-02/r$aمنظومة.$kSelections
=880  10$6245-03/r$aمنظومة ابن الاعسم في المأكل والمشرب /$cمحمد علي بن حسين الزبيدي النجفي ؛ تصحيح مجمع البحوث الاسلامية.
=880  \\$6250-04/r$aالطبعة 1.
=880  \\$6260-05/r$aمشهد، ايران :$bمجمع البحوث الاسلامية،$c1410 [1989 or 1990]
=880  2\$6710-06/r$aĀstān-i Quds-i Raz̤avī (Organization).$bبنيادا پچوهشهاي اسلامي.
=998  \\$a11/04/93$s9114$nNjP$d11/04/93$cJEB$bJEB$i931104$lNJPG
=911  \\$a19931111
=912  \\$a19980602053418.0
=994  \\$aC0$bPUL
=999  \\$a845851
=979  \\$a(OCoLC)ocn176306326
=852  00$0963564$brcppa$t1$hBP166$i.A825 1989$xtr fr arab
=959  \\$a2000-06-13 00:00:00 -0500

