=LDR  00756cam a2200241 a 4500
=001  856096
=003  NjP
=005  20171025091452.0
=008  931207m19001993iq\\\\\\\\\\\\000\0\ara\d
=024  7\$aprinceton_aco002880$2local
=035  \\$a(OCoLC)29685458
=035  \\$a(CStRLIN)NJPG93-B66077
=035  \\$9CAX1332TS
=040  \\$aNjP$cNjP
=245  00$aRisālatunā.
=260  \\$aal-Najaf :$bMaṭbaʻat al-Nuʻmān,$c[19--]
=300  \\$a108 p. ;$c22 cm.
=650  \0$aIslam.$0http://id.loc.gov/authorities/subjects/sh85068390
=998  \\$a03/17/94$s9114$nNjP$wNJPG93B66077$d12/07/93$cKC$bKC$i940317$lNJPG
=911  \\$a19940324
=912  \\$a19940317000000.0
=852  00$0975625$brcppa$t1$hBP161$i.J352 1900z$xtr fr anxa
=959  \\$a2000-06-13 00:00:00 -0500

