=LDR  01845cam a2200409 a 4500
=001  856697
=003  NjP
=005  20190705142242.0
=008  940112s1855\\\\ua\\\\\\\\\\\\000\0\ara\d
=024  7\$aprinceton_aco004131$2local
=035  \\$a(CStRLIN)NJPG94-B1745
=035  \\$9CAX1983TS
=035  \\$a(NjP)856697
=040  \\$aNjP$cPUL$dPUL
=049  \\$aPULL
=035  \\$a(OCoLC)ocm29685624
=100  1\$6880-01$aʻIdwī, Ḥasan,$d1806 or 1807-1885 or 1886.$0http://id.loc.gov/authorities/names/nr91025957
=240  10$6880-02$aNafaḥāt al-nabawīyah fī al-faḍāʼil al-ʻĀshūrīyah
=245  10$6880-03$aHādhā kitāb al-nafaḥāt al-nabawīyah fī al-faḍāʼil al-ʻĀshūrīyah /$cḤasan al-ʻIdwī al-Ḥamzāwī.
=260  \\$a[Cairo :$bs.n.,$c1272 [1855 or 1856]
=300  \\$a111 p. ;$c25 cm.
=650  \0$aFasts and feasts$xIslam.$0http://id.loc.gov/authorities/subjects/sh85047419
=740  0\$6880-04$aNafaḥāt al-nabawīyah fī al-faḍāʼil al-ʻĀshūrīyah.
=880  1\$6100-01/r$aعدوي، حسن،$d1806 or 1807-1885 or 1886.
=880  10$6240-02/r$aنفحات النبوية في الفضائل العاشورية
=880  10$6245-03/r$aهذا كتاب النفحات النبوية في الفضائل العاشورية /$cحسن العدوي الحمزاوي.
=880  0\$6740-04/r$aنفحات النبوية في الفضائل العاشورية.
=856  4\$uhttp://hdl.handle.net/2027/njp.32101063974057
=998  \\$a01/12/94$s9114$nNjP$d01/12/94$cJAB$bJAB$i940112$lNJPG
=911  \\$a19940120
=912  \\$a19940112000000.0
=994  \\$aC0$bPUL
=999  \\$a856697
=979  \\$a(OCoLC)ocn176338216
=852  80$0976280$brcppa$t1$h2264.113198.748 1855$xtr fr anxa
=852  8\$08684803$belf1$hElectronic Resource
=959  \\$a2000-06-08 00:00:00 -0400

