=LDR  01124cam a2200289 a 4500
=001  857276
=003  NjP
=005  20170619131222.0
=008  940103s1841\\\\ua\\\\\\\\\\\\000\0\ara\d
=024  7\$aprinceton_aco004119$2local
=035  \\$a(OCoLC)29685366
=035  \\$a(CStRLIN)NJPG94-B273
=035  \\$9CAX2562TS
=040  \\$aNjP$cNjP
=100  1\$aAzharī, Khālid ibn ʻAbd Allāh,$dd. 1499.$0http://id.loc.gov/authorities/names/n84030639
=245  10$aSharḥ al-Shaykh Khālid /$cKhālid ibn ʻAbd Allāh ibn Abī Bakr al-Azharī.
=260  \\$aMiṣr :$bDār al-Ṭibāʻah,$c1257 [1841 or 1842]
=300  \\$a47 p. ;$c25 cm.
=500  \\$aCaption title.
=650  \0$aArabic language$xGrammar$xEarly works to 1800.$0http://id.loc.gov/authorities/subjects/sh86000284
=856  4\$uhttp://hdl.handle.net/2027/njp.32101063974032
=998  \\$a01/11/94$s9114$nNjP$wNJPG94B273$d01/03/94$cKC$bJAB$i940111$lNJPG
=911  \\$a19940120
=912  \\$a19940111000000.0
=852  80$0976883$brcppa$t1$h2267.1031.385 1841$xtr fr anxa
=852  8\$08684811$belf1$hElectronic Resource
=959  \\$a2000-06-08 00:00:00 -0400

