=LDR  02019cam a2200433 a 4500
=001  857295
=003  NjP
=005  20190705142244.0
=008  940104s1861\\\\ua\\\\\\\\\\\\000\0\ara\d
=024  7\$aprinceton_aco004332$2local
=035  \\$a(CStRLIN)NJPG94-B452
=035  \\$9CAX2581TS
=035  \\$a(NjP)857295
=040  \\$aNjP$cPUL$dPUL
=049  \\$aPULL
=035  \\$a(OCoLC)ocm29685468
=100  1\$6880-01$aKafrāwī, Ḥasan ibn ʻAlī,$dd. 1787 or 8.$0http://id.loc.gov/authorities/names/nr92026098
=240  10$6880-02$aSharḥ al-Kafrāwī ʻalá matn al-Ājurrūmīyah
=245  10$6880-03$aHādhā Kitāb sharḥ al-Kafrāwī ʻalá matn al-Ājurrūmīyah.
=260  \\$6880-04$aMiṣr :$bDār al-Ṭibāʻah al-Mūsawīyah,$c1278 [1861 or 1862]
=300  \\$a205 p. ;$c23 cm.
=600  10$6880-05$aIbn Ājurrūm, Muḥammad ibn Muḥammad,$d1273 or 1274-1323.$tAjurrūmīyah.$0http://id.loc.gov/authorities/names/no2011050004
=740  0\$6880-06$aSharḥ al-Kafrāwī ʻalá matn al-Ājurrūmīyah.
=880  1\$6100-01/r$aكفراوي، حسن بن علي،$dd. 1787 or 8.
=880  10$6240-02/r$aشرح الكفراوي على متن الاجرومية
=880  10$6245-03/r$aهذا كتاب شرح الكفراوي على متن الاجرومية.
=880  \\$6260-04/r$aمصر :$bدار الطباعة الموسوية،$c1278 [1861 or 1862]
=880  14$6600-05/r$aابن آجروم، محمد بن محمد،$d1273 or 4-1323.$tآجرومية.
=880  0\$6740-06/r$aشرح الكفراوي على متن الاجرومية.
=856  4\$uhttp://hdl.handle.net/2027/njp.32101063974354
=998  \\$a01/11/94$s9114$nNjP$wNJPG94B452$d01/04/94$cKC$bJAB$i940111$lNJPG
=911  \\$a19940120
=912  \\$a19940111000000.0
=994  \\$aC0$bPUL
=999  \\$a857295
=979  \\$a(OCoLC)ocn176339965
=852  80$0976902$brcppa$t1$h2271.407.751 1861$xtr fr anxa
=852  8\$08684822$belf1$hElectronic Resource
=959  \\$a2000-06-08 00:00:00 -0500

