=LDR  01062cam a2200265 a 4500
=001  857299
=003  NjP
=005  20171025091555.0
=008  940104s1945\\\\ua\\\\\\\\\\\\000\0\ara\d
=024  7\$aprinceton_aco004185$2local
=035  \\$a(OCoLC)30141391
=035  \\$a(CStRLIN)NJPG94-B460
=035  \\$9CAX2585TS
=040  \\$aNjP$cNjP$dNjP
=043  \\$af-ua---
=110  2\$aEgypt.$bMajlis al-Wuzarāʾ.$bLajnat al-Taḥqīq al-Wizārīyah.
=245  10$aTaqrīr Lajnat al-Taḥqīq al-Wizārīyah fī al-waqāʾiʻ wa-al-taṣarrufāt al-māssah bi-nuzhat al-ḥukm fī ʻahd al-Wizārah al-Naḥḥāsīyah al-akhīrah.
=260  \\$aal-Qāhirah :$bal-Maṭbaʻah al-Amīrīyah,$c1945.
=300  \\$a282 p. ;$c32 cm.
=651  \0$aEgypt$xHistory$y1919-1952.$0http://id.loc.gov/authorities/subjects/sh85041307
=998  \\$a06/06/94$s9114$nNjP$wNJPG94B460$d01/04/94$cKC$bJEB$i940606$lNJPG
=911  \\$a19940617
=912  \\$a19940606000000.0
=852  00$0976906$brcppa$t1$hDT156.7$i.M344 1945$xtr fr anxa
=959  \\$a2000-06-13 00:00:00 -0500

