=LDR  01913cam a2200421 a 4500
=001  857305
=003  NjP
=005  20190705142244.0
=008  940105s1914\\\\le\\\\\\\\\\\\000\0\ara\d
=024  7\$aprinceton_aco004233$2local
=035  \\$a(CStRLIN)NJPG94-B656
=035  \\$9CAX2593TS
=035  \\$a(NjP)857305
=040  \\$aNjP$cPUL$dPUL
=049  \\$aPULL
=035  \\$a(OCoLC)ocm29685523
=100  1\$6880-01$aFikrī, ʻAbd Allāh,$d1834 or 1835-1888 or 1889.$0http://id.loc.gov/authorities/names/nr92009342
=240  10$6880-02$aFawāʻid al-fikrīyah lil-makātib al-ʻUthmānīyah
=245  10$6880-03$aKitāb al-fawāʻid al-fikrīyah lil-makātib al-ʻUthmānīyah /$cmin āthār ʻAbd Allāh Bāshā Fikrī.
=260  \\$6880-04$aBayrūt :$bal-Maṭbaʻah al-ʻImīyah,$c1914.
=300  \\$a66 p. ;$c20 cm.
=650  \0$aConduct of life.$0http://id.loc.gov/authorities/subjects/sh85030802
=740  0\$6880-05$aFawāʻid al-fikrīyah lil-makātib al-ʻUthmānīyah.
=880  1\$6100-01/r$aفكري، عبد الله،$d1834 or 1835-1888 or 1889.
=880  10$6240-02/r$aفواعد الفكرية للمكاتب العثمانية
=880  10$6245-03/r$aكتاب الفواعد الفكرية للمكاتب العثمانية /$cمن آثار عبد الله باشا فكري.
=880  \\$6260-04/r$aبيروت :$bالمطبعة العمية،$c1914.
=880  0\$6740-05/r$aفواعد الفكرية للمكاتب العثمانية.
=856  4\$uhttp://hdl.handle.net/2027/njp.32101063974214
=998  \\$a01/11/94$s9114$nNjP$wNJPG94B656$d01/05/94$cKC$bJAB$i940111$lNJPG
=911  \\$a19940120
=912  \\$a19940111000000.0
=994  \\$aC0$bPUL
=999  \\$a857305
=979  \\$a(OCoLC)ocn176339995
=852  80$0976912$brcppa$t1$h2269.3578.352 1914$xtr fr anxa
=852  8\$08684826$belf1$hElectronic Resource
=959  \\$a2000-06-08 00:00:00 -0500

