=LDR  00986cam a2200277 a 4500
=001  857306
=003  NjP
=005  20171025091555.0
=008  940105q19001910le\\\\\\\\\\\\000\0\ara\d
=024  7\$aprinceton_aco003116$2local
=035  \\$a(OCoLC)29685527
=035  \\$a(CStRLIN)NJPG94-B665
=035  \\$9CAX2594TS
=040  \\$aNjP$cNjP
=245  00$aNawādir al-ẓurafāʾ /$cjamʻ Muḥammad Kamāl Bakdāsh.
=260  \\$aBayrūt :$bMaṭbaʻat al-Maʻārif,$c[19--?]
=300  \\$a10 v. in 1 ;$c19 cm.
=650  \0$aArabic wit and humor.$0http://id.loc.gov/authorities/subjects/sh85006346
=700  1\$aBakdāsh, Muḥammad Kamāl.
=856  4\$uhttp://hdl.handle.net/2027/njp.32101066379262
=998  \\$a01/11/94$s9114$nNjP$wNJPG94B665$d01/05/94$cKC$bJAB$i940111$lNJPG
=911  \\$a19940120
=912  \\$a19940111000000.0
=852  00$0976913$brcppa$t1$hPN6222.A6$iN383 1900z$xtr fr anxa
=852  8\$08684827$belf1$hElectronic Resource
=959  \\$a2000-06-08 00:00:00 -0500

