=LDR  01361cam a2200325 a 4500
=001  857325
=003  NjP
=005  20171025091556.0
=008  940106m19289999iq\\\\\\\b\\\\000\0\ara\d
=024  7\$aprinceton_aco004636$2local
=035  \\$a(OCoLC)79186222
=035  \\$a(CStRLIN)NJPG94-B913
=035  \\$9CAX2615TS
=040  \\$aNjP$cNjP
=100  1\$aIbn Isḥāq, Muḥammad,$d-approximately 768.$0http://id.loc.gov/authorities/names/n88194910
=245  10$aTārīkh al-ḥurūb al-ʻArabīyah /$ctaʼlīf Muḥammad ibn Isḥāq ; ʻuniya bi-mulāḥaẓatihi wa-taṣḥīḥih Salmān al-Safwānī.
=250  \\$aal-Ṭabʻah 2, munaqqaḥah wa-muṣaḥḥah.
=260  \\$aBaghdād :$bMaṭbaʻat Dār al-Salām,$c1928-
=300  \\$av. ;$c20 cm.
=500  \\$aCover title: Tārīkh al-ḥurūb al-ʻArabīyah, aw, Ḥarb al-Basūs.
=504  \\$aIncludes bibliographical references.
=533  \\$aPhotocopy.$b[Austin, TX.] :$cBookLab, Inc.,$d1994$7s1994    txun r
=700  1\$aṢafwānī, Salmān.
=740  0\$aTārīkh al-ḥurūb, aw, Ḥarb al-Basūs.
=740  0\$aḤarb al-Basūs.
=998  \\$a09/30/94$s9114$nNjP$wNJPG94B913$d01/06/94$cKC$bABT$i940930$lNJPG
=911  \\$a19941017
=912  \\$a19940930000000.0
=852  80$0976932$brcppa$t1$h2274.465.389 1928$xtr fr anxa
=959  \\$a2000-06-13 00:00:00 -0500

