=LDR  01473cam a2200385 a 4500
=001  857562
=003  NjP
=005  20190705142245.0
=008  940106m18589999ua\\\\\\\\\\\\000\0\ara\d
=024  7\$aprinceton_aco004409$2local
=035  \\$a(CStRLIN)NJPG94-B1001
=035  \\$9CAX4788TS
=035  \\$a(NjP)857562
=040  \\$aNjP$cPUL$dPUL
=049  \\$aPULL
=035  \\$a(OCoLC)ocm29706149
=100  1\$6880-01$aAbū al-Saʻūd, Muḥammad ibn Muḥammad,$d1492 or 3-1574 or 5.
=240  10$6880-02$aTafsīr al-Manlā Abī al-Suʻūd
=245  10$6880-03$aHādhā al-juzʼ al-thānī min Tafsīr al-Manlā Abī al-Suʻūd.
=260  \\$a[Cairo :$bs.n.],$c1275- [1858 or 1859- ]
=300  \\$av. ;$c33 cm.
=630  00$aQurʼan$xCommentaries.
=740  0\$6880-04$aTafsīr al-Manlā Abī al-Suʻūd.
=880  1\$6100-01/r$aابو السعود، محمد بن محمد،$d1492 or 3-1574 or 5.
=880  10$6240-02/r$aتفسير المنلا ابي السعود
=880  10$6245-03/r$aهذا الجزء الثاني من تفسير المنلا ابي السعود.
=880  0\$6740-04/r$aتفسير المنلا ابي السعود.
=998  \\$a01/21/94$s9114$nNjP$wNJPG94B1001$d01/06/94$cKC$bJAB$i940121$lNJPG
=911  \\$a19940127
=912  \\$a19981123062650.0
=994  \\$aC0$bPUL
=999  \\$a857562
=979  \\$a(OCoLC)ocn176340756
=852  80$0977367$brcppa$t1$h2273.552 1858$xtr fr anxa
=959  \\$a2000-06-13 00:00:00 -0500

