=LDR  02552cam a2200457 a 4500
=001  857567
=003  NjP
=005  20190705142245.0
=008  940110s1882\\\\sy\\\\\\\\\\\\000\0\ara\d
=024  7\$aprinceton_aco004593$2local
=035  \\$a(CStRLIN)NJPG94-B1322
=035  \\$9CAX4796TS
=035  \\$a(NjP)857567
=040  \\$aNjP$cPUL$dPUL
=049  \\$aPULL
=035  \\$a(OCoLC)ocm29706161
=100  1\$6880-01$aIskandarānī, Muḥammad ibn Aḥmad,$d-1888 or 1889.$0http://id.loc.gov/authorities/names/nr93005052
=240  10$6880-02$aAsrār al-rabbānīyah fī al-nabātāt wa-al-maʻādin wa-al-khawāṣṣ al-ḥayawānīyah
=245  10$6880-03$aHādhā Kitāb al-asrār al-rabbānīyah fī al-nabātāt wa-al-maʻādin wa-al-khawāṣṣ al-ḥayawānīyah /$ctaʼlīf Muḥammad ibn Aḥmad al-Iskandarānī.
=260  \\$6880-04$aWilāyat Sūrīyā :$bMaṭbaʻat Majlis Maʻārif,$c1300 [1882 or 1883]
=300  \\$a288 p. ;$c23 cm.
=650  \0$aMateria medica, Vegetable.$0http://id.loc.gov/authorities/subjects/sh85082059
=650  \0$aMateria medica, Animal.$0http://id.loc.gov/authorities/subjects/sh85082056
=650  \0$aMinerals in pharmacology.$0http://id.loc.gov/authorities/subjects/sh85085599
=650  \0$aMedicine, Arab.$0http://id.loc.gov/authorities/subjects/sh85083116
=740  0\$6880-05$aAsrār al-rabbānīyah fī al-nabātāt wa-al-maʻādin wa-al-khawāṣṣ al-ḥayawānīyah.
=880  1\$6100-01/r$aاسكندراني، محمد بن احمد،$d-1888 or 1889.
=880  10$6240-02/r$aاسرار الربانية في النباتات والمعادن والخواص الحيوانية
=880  10$6245-03/r$aهذا كتاب الاسرار الربانية في النباتات والمعادن والخواص الحيوانية /$cتأليف محمد بن احمد الاسكندراني.
=880  \\$6260-04/r$aولاية سوريا :$bمطبعة مجلس معارف،$c1300 [1882 or 1883]
=880  0\$6740-05/r$aاسرار الربانية في النباتات والمعادن والخواص الحيوانية.
=856  4\$uhttp://hdl.handle.net/2027/njp.32101063577801
=998  \\$a01/21/94$s9114$nNjP$wNJPG94B1322$d01/10/94$cKC$bJAB$i940121$lNJPG
=911  \\$a19940127
=912  \\$a19950609034351.0
=994  \\$aC0$bPUL
=999  \\$a857567
=979  \\$a(OCoLC)ocn176340768
=852  80$0977372$brcppa$t1$h2271.504659.342 1882$xtr fr anxa
=852  8\$08684837$belf1$hElectronic Resource
=959  \\$a2000-06-08 00:00:00 -0500

