=LDR  01038cam a2200289 a 4500
=001  857595
=003  NjP
=005  20171025091615.0
=008  940112s1880\\\\ir\\\\\\\\\\\\000\0\ara\d
=024  7\$aprinceton_aco004221$2local
=035  \\$a(OCoLC)29706222
=035  \\$a(CStRLIN)NJPG94-B1779
=035  \\$9CAX4825TS
=040  \\$aNjP$cNjP
=100  0\$aEuclid.
=245  10$aTaḥrīr Uqlīdis fī ʻilm al-handasah.
=260  \\$a[Tehran :$bs.n.],$c1298 [1880 or 1881]
=300  \\$a208 p. ;$c22 cm.
=650  \0$aGeometry$xEarly works to 1800.$0http://id.loc.gov/authorities/subjects/sh85054134
=600  00$aTheodosius,$dactive 1st century B.C.$0http://id.loc.gov/authorities/names/n80013599
=856  4\$uhttp://hdl.handle.net/2027/njp.32101063974248
=998  \\$a01/20/94$s9114$nNjP$wNJPG94B1779$d01/12/94$cKC$bJAB$i940120$lNJPG
=911  \\$a19940127
=912  \\$a19940120000000.0
=852  80$0977448$brcppa$t1$h2269.3146.389 1880$xtr fr anxa
=852  8\$08684841$belf1$hElectronic Resource
=959  \\$a2000-06-08 00:00:00 -0500

