=LDR  01720cam a2200349 a 4500
=001  857602
=003  NjP
=005  20170605130804.0
=008  940112q19001994ua\a\\\\\\\\\\00010\ara\d
=024  7\$aprinceton_aco004424$2local
=035  \\$a(OCoLC)29706236
=035  \\$a(CStRLIN)NJPG94-B1914
=035  \\$9CAX4832TS
=040  \\$aNjP$cNjP
=100  1\$aDayrabī, Aḥmad ibn ʻUmar,$d-1738 or 1739.$0http://id.loc.gov/authorities/names/nr92003592
=240  10$aFatḥ al-malik al-majīd al-muʼallaf li-nafʻ al-ʻabīd.$f1981
=245  10$aMujarrabāt al-Dayrabī al-kabīr al-musammá bi-Fatḥ al-malik al-majīd al-muʼallaf li-nafʻ al-ʻabīd. Wa-bi-hāmishihi Kitāb mujarrabāt al-Imām ... Abī ʻAbd Allāh Muḥammad ibn Yūsuf al-Sanūsī al-Ḥasanī.
=260  \\$aAzhar :$bMaktabat al-Jumhūrīyah al-ʻArabīyah,$c[19--?]
=300  \\$a160 p. :$bill. ;$c22 cm.
=650  \0$aDevotional literature, Arabic$xEarly works to 1800.
=650  \0$aSufi literature$xEarly works to 1800.
=650  \0$aSufism$xEarly works to 1800.$0http://id.loc.gov/authorities/subjects/sh2008112367
=700  12$aSanūsī, Muḥammad ibn Yūsuf,$dapproximately 1427-approximately 1490.$tMujarrabāt.$0http://id.loc.gov/authorities/names/n84016675
=740  0\$aFatḥ al-malik al-majīd al-muʼallaf li-nafʻ al-ʻabīd.
=740  0\$aMujarrabāt.
=856  4\$uhttp://hdl.handle.net/2027/njp.32101063973901
=998  \\$a01/20/94$s9114$nNjP$wNJPG94B1914$d01/12/94$cKC$bJAB$i940120$lNJPG
=911  \\$a19940127
=912  \\$a19940120000000.0
=852  80$0977455$brcppa$t1$h2269.2646.366 1900z$xtr fr anxa
=852  8\$08684842$belf1$hElectronic Resource
=959  \\$a2000-06-08 00:00:00 -0500

