=LDR  02212cam a2200433 a 4500
=001  857606
=003  NjP
=005  20190705142245.0
=008  940113s1859\\\\ua\\\\\\\\\\\\000\0\ara\d
=024  7\$aprinceton_aco004356$2local
=035  \\$a(CStRLIN)NJPG94-B2156
=035  \\$9CAX4836TS
=035  \\$a(NjP)857606
=040  \\$aNjP$cPUL$dPUL
=049  \\$aPULL
=035  \\$a(OCoLC)ocm29706243
=100  1\$6880-01$aRamlī, Khayr al-Dīn ibn Aḥmad,$d1585-1671.$0http://id.loc.gov/authorities/names/n92076114
=240  10$6880-02$aFatāwá al-khayrīyah
=245  10$6880-03$aHādhā al-juzʼ al-awwal[-thānī] min Kitāb al-fatāwá al-khayrīyah li-nafʻ al-barīyah ʻalá madhhab al-Imām al-Aʻẓam Abī Ḥanīfah al-Nuʻmān /$cKhayr al-Dīn al-Ramlī.
=260  \\$a[Cairo :$bs.n.],$c1276 [1859 or 1860]
=300  \\$a2 v. in 1 ;$c25 cm.
=650  \0$aFatwas.$0http://id.loc.gov/authorities/subjects/sh85047475
=650  \0$aHanafites.$0http://id.loc.gov/authorities/subjects/sh85058609
=650  \0$aAdvisory opinions (Islamic law)$0http://id.loc.gov/authorities/subjects/sh85001210
=740  0\$6880-04$aFatāwá al-khayrīyah li-nafʻ al-barīyah ʻalá madhhab al-Imām al-Aʻẓam Abī Ḥanīfah al-Nuʻmān.
=880  1\$6100-01/r$aرملي، خير الدين بن احمد،$d1585-1671.
=880  10$6240-02/r$aفتاوى الخيرية
=880  10$6245-03/r$aهذا الجزء الاول[ثاني] من كتاب الفتاوى الخيرية لنفع البرية على مذهب الامام الاعظم ابي حنيفة النعمان /$cخير الدين الرملي.
=880  0\$6740-04/r$aفتاوى الخيرية لنفع البرية على مذهب الامام الاعظم ابي حنيفة النعمان.
=856  4\$uhttp://hdl.handle.net/2027/njp.32101064066358
=998  \\$a01/20/94$s9114$nNjP$wNJPG94B2156$d01/13/94$cKC$bJAB$i940120$lNJPG
=911  \\$a19940127
=912  \\$a19991214052251.0
=994  \\$aC0$bPUL
=999  \\$a857606
=979  \\$a(OCoLC)ocn176340884
=852  80$0977459$brcppa$t1$h2274.347.333 1859$xtr fr anxa
=852  8\$08684844$belf1$hElectronic Resource
=959  \\$a2000-06-08 00:00:00 -0500

