=LDR  02238cam a2200397 a 4500
=001  857977
=003  NjP
=005  20190705142246.0
=008  940119s1859\\\\ua\\\\\\\\\\\\000\0\ara\d
=024  7\$aprinceton_aco004620$2local
=035  \\$a(CStRLIN)NJPG94-B2738
=035  \\$9CAX5211TS
=035  \\$a(NjP)857977
=040  \\$aNjP$cPUL$dPUL
=049  \\$aPULL
=035  \\$a(OCoLC)ocm29706568
=100  1\$6880-01$aNābulusī, ʻAbd al-Ghanī ibn Ismāʻīl,$d1641-1731.$0http://id.loc.gov/authorities/names/n83198301
=240  10$6880-02$aDīwān al-ḥaqāʼiq wa-majmūʻ al-raqāʼiq
=245  10$6880-03$aHādhā Dīwān al-ḥaqāʼiq wa-majmūʻ al-raqāʼiq fī taṣrīḥ al-mawājīd al-ilāhīyah wa-al-tajliyāt al-rabbānīyah wa-al-futuḥāt al-aqdasīyah /$cli-ʻAbd al-Ghanī al-Nābulusī.
=260  \\$6880-04$aMiṣr :$bDār al-Ṭibāʻah,$c1276 [1859 or 1860]
=300  \\$a368, 271 p. ;$c26 cm.
=650  \0$aSufi poetry, Arabic.$0http://id.loc.gov/authorities/subjects/sh85129653
=740  0\$6880-05$aDīwān al-ḥaqāʼiq wa-majmūʻ al-raqāʼiq fī taṣrīḥ al-mawājīd ilāhīyah wa-al-tajliyāt al-rabbānīyah wa-al-futuḥāt al-aqdasīyah.
=880  1\$6100-01/r$aنابلسي، عبد الغني بن اسماعيل،$d1641-1731.
=880  10$6240-02/r$aديوان الحقائق ومجموع الرقائق
=880  10$6245-03/r$aهذا ديوان الحقائق ومجموع الرقائق في تصريح المواجيد الالاهية والتجليات الربانية والفتحات الاقدسية /$cلعبد الغني النابلسي.
=880  \\$6260-04/r$aمصر :$bدار الطباعة،$c1276 [1859 or 1860]
=880  0\$6740-05/r$aديوان الحقائق ومجموع الرقائق في تصريح المواجيد الاهية والتجليات الربانية والفتحات الاقدسية.
=998  \\$a01/21/94$s9114$nNjP$wNJPG94B2738$d01/19/94$cKC$bJAB$i940121$lNJPG
=911  \\$a19940127
=912  \\$a19970903060932.0
=994  \\$aC0$bPUL
=999  \\$a857977
=979  \\$a(OCoLC)ocn176341915
=852  80$0977865$brcppa$t1$h2272.6974 1859$xtr fr anxa
=959  \\$a2000-06-13 00:00:00 -0500

