=LDR  00949cam a2200265 a 4500
=001  859008
=003  NjP
=005  20171025091714.0
=008  940113s1860\\\\ti\\\\\\\\\\\\000\0\ara\d
=024  7\$aprinceton_aco003968$2local
=035  \\$a(OCoLC)29745534
=035  \\$a(CStRLIN)NJPG94-B2167
=035  \\$9CAX7381TS
=040  \\$aNjP$cNjP
=043  \\$af-ti---
=110  1\$aTunisia.$kLaws, statutes, etc.$0http://id.loc.gov/authorities/names/n79065220
=245  10$aQānūn al-jināyāt al-jāriyah aḥkāmihi ʻalá man bi-mamlakat Tūnis min al-makhlūqāt.
=260  \\$aTūnis :$bMaṭbaʻat al-Dawlah al-Tūnisīyah,$c1277 [1860 or 1861]
=300  \\$a228 p. ;$c23 cm.
=650  \0$aCriminal law$zTunisia.
=998  \\$a01/27/94$s9114$nNjP$wNJPG94B2167$d01/13/94$cKC$bJAB$i940127$lNJPG
=911  \\$a19940203
=912  \\$a19940127000000.0
=852  80$0979205$brcppa$t1$hKRB$i.T82 1860$xtr fr anxa
=959  \\$a2000-06-13 00:00:00 -0400

