=LDR  02223cam a2200433 a 4500
=001  860894
=003  NjP
=005  20190705142249.0
=008  940113s1859\\\\ua\\\\\\\\\\\\000\0\ara\d
=024  7\$aprinceton_aco004336$2local
=035  \\$a(CStRLIN)NJPG94-B2249
=035  \\$9CAY0931TS
=035  \\$a(NjP)860894
=040  \\$aNjP$cPUL$dPUL
=043  \\$af-ua---
=049  \\$aPULL
=035  \\$a(OCoLC)ocm29782218
=100  1\$6880-01$aIsḥāqī, Muḥammad ibn ʻAbd al-Muʻṭī,$d-1649 or 1650.$0http://id.loc.gov/authorities/names/nr93009134
=240  10$6880-02$aAkhbār al-uwal fīman taṣarrafa fī Miṣr min arbāb al-duwal
=245  10$6880-03$aKitāb akhbār al-uwal fīman taṣarrafa fī Miṣr min arbāb al-duwal /$cta'līf Muḥammad ʻAbd al-Muʻṭī ibn Abī al-Fatḥ ibn Aḥmad ibn ʻAbd al-Mughnī ibn ʻAlī al-Isḥāqī al-Munūfī.
=260  \\$6880-04$aMiṣr :$b[s.n.],$c1276 [1859 or 1860]
=300  \\$a392 p. ;$c21 cm.
=651  \0$aEgypt$xKings and rulers.$0http://id.loc.gov/authorities/subjects/sh85041313
=740  0\$6880-05$aAkhbār al-uwal fīman taṣarrafa fī Miṣr min arbāb al-duwal.
=880  1\$6100-01/r$aاسحاقي، محمد بن عبد المعطي،$d-1649 or 1650.
=880  10$6240-02/r$aاخبار الاول فيمن تصرف في مصر من ارباب الدول
=880  10$6245-03/r$aكتاب اخبار الاول فيمن تصرف في مصر من ارباب الدول /$cتاليف محمد عبد المعطي بن ابي الفتح بن احمد بن عبد المغني بن علي الاسحاقي المنوفي.
=880  \\$6260-04/r$aمصر :$b[s.n.]،$c1276 [1859 or 1860]
=880  0\$6740-05/r$aاخبار الاول فيمن تصرف في مصر من ارباب الدول.
=856  4\$uhttp://hdl.handle.net/2027/njp.32101063577850
=998  \\$a01/31/94$s9114$nNjP$wNJPG94B2249$d01/13/94$cKC$bJAB$i940131$lNJPG
=911  \\$a19940210
=912  \\$a19940131000000.0
=994  \\$aC0$bPUL
=999  \\$a860894
=979  \\$a(OCoLC)ocn176350383
=852  80$0981490$brcppa$t1$h2271.50464.352 1859$xtr fr anxa
=852  8\$08684889$belf1$hElectronic Resource
=959  \\$a2000-06-08 00:00:00 -0500

