=LDR  01646cam a2200421 a 4500
=001  860934
=003  NjP
=005  20171025091831.0
=008  940104s1895\\\\sy\\\\\\\\\\\\000\0\ara\d
=024  7\$aprinceton_aco003106$2local
=035  \\$a(OCoLC)ocn176350489
=035  \\$a(OCoLC)29782662
=035  \\$a(OCoLC)176350489
=035  \\$a(CStRLIN)NJPG94-B454
=035  \\$9CAY1005TS
=035  \\$a(NjP)860934
=040  \\$aNjP$cPUL$dPUL
=049  \\$aPULL
=079  \\$aocm29782662
=100  1\$6880-01$aJirmānūs,$cBishop of Aleppo.$0http://id.loc.gov/authorities/names/n97018900
=245  10$6880-02$aNaẓm al-laʼālī /$clil-ḥabr al-shamālī Jirmānūs.
=260  \\$6880-03$aḤalab :$bal-Maṭbaʻah al-Mārūnīyah,$c1895.
=300  \\$a208 p. ;$c23 cm.
=600  10$6880-04$aJirmānūs,$cBishop of Aleppo.$0http://id.loc.gov/authorities/names/n97018900
=650  \0$aArabic poetry.$0http://id.loc.gov/authorities/subjects/sh85006333
=880  1\$6100-01/r$aجرمانوس،$cBishop of Aleppo.
=880  10$6245-02/r$aنظم اللآلي /$cللحبر الشمالي جرمانوس.
=880  \\$6260-03/r$aحلب :$bالمطبعة المارونية،$c1895.
=880  10$6600-04/r$aجرمانوس،$cBishop of Aleppo.
=856  4\$uhttp://hdl.handle.net/2027/njp.32101067574945
=998  \\$a02/03/94$s9114$nNjP$wNJPG94B454$d01/04/94$cKC$bJAB$i940203$lNJPG
=911  \\$a19940210
=912  \\$a19940203000000.0
=994  \\$aC0$bPUL
=999  \\$a860934
=852  00$0981563$brcppa$t1$hPJ7840$i.I752 1895$xtr fr anxa
=852  8\$08684890$belf1$hElectronic Resource
=959  \\$a2000-06-08 00:00:00 -0500

