=LDR  02772cam a2200421 a 4500
=001  861135
=003  NjP
=005  20190705142251.0
=008  940131s1897\\\\ua\\\\\\\\\\\\000\0\ara\d
=024  7\$aprinceton_aco004615$2local
=035  \\$a(CStRLIN)NJPG94-B5362
=035  \\$9CAY1208TS
=035  \\$a(NjP)861135
=040  \\$aNjP$cPUL$dPUL
=049  \\$aPULL
=035  \\$a(OCoLC)ocm81476400
=100  1\$6880-01$aRāfiʻī, ʻAbd al-Qādir ibn ʻAbd al-Laṭīf,$dd. 1814 or 15.$0http://id.loc.gov/authorities/names/nr94017378
=240  10$6880-02$aIḥyāʼ al-qulūb sharḥ ʻUmdat al-wāṣilīn wa-kaʻbat al-sālikīn yanbūʻ
=245  10$6880-03$aKitāb iḥyāʼ al-qulūb sharḥ al-imām al-ʻārif billāh taʻālah ʻUmdat al-wāṣilīn wa-kaʻbat al-sālikīn yanbūʻ ʻilm al-ḥaqīqah wa-al-dīn mawlānā al-Shaykh ʻAbd al-Qādir al-Rāfiʻī al-Fārūqī al-Ṭarābulusī ʻalá ḥukum shaykhihi waliya Allāh ṣāḥib al-karāmāt al-ḍhāhirah wa-al-ishārāt al-bāhirah Sayyidī Maḥmūd al-Khallūtī.
=260  \\$6880-04$a[Egypt] :$bal-Maṭbaʻah al-ʻIlmīyah,$c1315 [1897 or 1898]
=300  \\$a216 p. ;$c20 cm.
=650  \0$aSufism.$0http://id.loc.gov/authorities/subjects/sh85129660
=740  0\$6880-05$aIḥyāʼ al-qulūb sharḥ al-imām al-ʻĀrif billāh ʻumdat al-wāṣīlīn wa-kaʻbat al-sālikīn ...
=880  1\$6100-01/r$aرافعي، عبد القادر بن عبد اللطيف،$dd. 1814 or 15.
=880  10$6240-02/r$aاحياء القلوب شرح عمدة الواصلين وكعبة السالكين ينبوع
=880  10$6245-03/r$aكتاب احياء القلوب شرح الامام العارف بالله تعالة عمدة الواصلين وكعبة السالكين ينبوع علم الحقيقة والدين مولانا الشيخ عبد القادر الرافعي الفاروقي الطرابلسي على حكم شيخه ولي الله صاحب الكرامات الضهاهرة والاشارات الباهرة سيدي محمود الخلوتي.
=880  \\$6260-04/r$a[مصر] :$bالمطبعة العلمية،$c1315 [1897 or 1898]
=880  0\$6740-05/r$aاحياء القلوب شرح الامام العارف بالله عمدة الواصيلين وكعبة السالكين ...
=856  4\$uhttp://hdl.handle.net/2027/njp.32101064066325
=998  \\$a03/11/94$s9114$nNjP$wNJPG94B5362$d01/31/94$cNHD$bJAB$i940311$lNJPG
=911  \\$a19940317
=912  \\$a19990122041337.0
=994  \\$aC0$bPUL
=999  \\$a861135
=979  \\$a(OCoLC)ocn176351129
=852  80$0981783$brcppa$t1$h2274.198.352 1897$xtr fr anxa
=852  8\$08684892$belf1$hElectronic Resource
=959  \\$a2000-06-08 00:00:00 -0500

