=LDR  02026cam a2200421 a 4500
=001  861491
=003  NjP
=005  20190705142252.0
=008  940201s1865\\\\ua\\\\\\\\\\\\000\0\ara\d
=024  7\$aprinceton_aco004637$2local
=035  \\$a(CStRLIN)NJPG94-B5762
=035  \\$9CAY1565TS
=035  \\$a(NjP)861491
=040  \\$aNjP$cPUL$dPUL
=049  \\$aPULL
=035  \\$a(OCoLC)ocm29781805
=100  1\$6880-01$aFāsī, Muḥammad al-Mahdī ibn Aḥmad,$d-1698.$0http://id.loc.gov/authorities/names/n78093328
=240  10$6880-02$aMaṭāliʻ al-masarrāt bi-jalāʼ Dalāʼil al-khayrāt
=245  10$6880-03$aHādhā kitāb Maṭāliʻ al-masarrāt bi-jalāʼ Dalāʼil al-khayrāt /$cli-Muḥammad al-Mahdī ibn Aḥmad ibn ʻAlī ibn Yūsuf al-Fāsī.
=260  \\$a[Cairo :$bs.n.,$c1282 [1865 or 1866]
=300  \\$a414 p. ;$c30 cm.
=600  10$6880-04$aJazūlī, Muḥammad ibn Sulaymān,$dd. 1465.$tDalāʼil al-khayrāt.
=740  0\$6880-05$aMaṭāliʻ al-masarrāt bi-jalāʼ Dalāʼil al-khayrāt.
=880  1\$6100-01/r$aفاسي، محمد المهدي بن احمد،$d-1698.
=880  10$6240-02/r$aمطالع المسرات بجلاء دلائل الخيرات
=880  10$6245-03/r$aهذا كتاب مطالع المسرات بجلاء دلائل الخيرات /$cلمحمد المهدي بن احمد بن علي بن يوسف الفاسي.
=880  10$6600-04/r$aجزولي، محمد بن سليمان،$dd. 1465.$tدلائل الخيرات.
=880  0\$6740-05/r$aمطالع المسرات بجلاء دلائل الخيرات.
=856  4\$uhttp://hdl.handle.net/2027/njp.32101064471269
=998  \\$a02/01/94$s9114$nNjP$d02/01/94$cJAB$bJAB$i940201$lNJPG
=911  \\$a19940210
=912  \\$a19940201000000.0
=994  \\$aC0$bPUL
=999  \\$a861491
=979  \\$a(OCoLC)ocn176352231
=852  80$0982164$brcppa$t1$cOversize$h2271.5056.666 1865q$xtr fr anxa
=852  8\$08684895$belf1$hElectronic Resource
=959  \\$a2000-06-08 00:00:00 -0500

