=LDR  01051cam a2200289 a 4500
=001  888055
=003  NjP
=005  20171025093531.0
=008  940523s1989\\\\ir\\\\\\\b\\\\000\0\ara\d
=024  7\$aprinceton_aco002849$2local
=035  \\$a(OCoLC)30555553
=035  \\$a(CStRLIN)NJPG94-B30079
=035  \\$9CBD6814TS
=040  \\$aNjP$cNjP
=100  1\$aShīrāzī, Aḥmad Amīn.
=245  13$aal-Ṣarf al-ḥadīth fī bayān al-Qurʾān wa-al-ḥadīth /$cAḥmad Amīn al-Shīrāzī.
=250  \\$aal-Ṭabʻah 1.
=260  \\$aQum :$bMaktab al-Iʻlām al-Islāmī,$c1410 [1989 or 1990]
=300  \\$a183 p. ;$c25 cm.
=504  \\$aIncludes bibliographical references.
=650  \0$aArabic language$xVerb.$0http://id.loc.gov/authorities/subjects/sh2008117602
=650  \0$aKoran$xlanguage, style.
=998  \\$a05/23/94$s9114$nNjP$d05/23/94$cKC$bKC$i940523$lNJPG
=911  \\$a19940603
=912  \\$a19940523000000.0
=852  00$01014753$brcppa$t1$hPJ6696.Z5$iV459 1989$xtr fr arab$xtr fr rcppa
=959  \\$a2000-06-13 00:00:00 -0500

