=LDR  01763cam a2200397 a 4500
=001  889572
=003  NjP
=005  20171025093617.0
=008  940531m19889999ir\\\\\\\b\\\\00010\ara\d
=024  7\$aprinceton_aco003503$2local
=020  \\$a9789647709774 (set)
=035  \\$a(OCoLC)30586675
=035  \\$a(CStRLIN)NJPG94-B31281
=035  \\$9CBD9557TS
=040  \\$aNjP$cNjP
=100  1\$aFāz̤il Lankarānī, Muḥammad.
=245  10$aTafṣīl al-sharīʻah fī sharḥ Taḥrīr al-wasīlah /$cbi-qalam Muḥammad al-Muwaḥḥidī al-Lankarānī al-shahīr bi-al-Fāḍil.
=250  \\$aal-Ṭabʻah 2.
=260  \\$aQum :$bMuʾassasat al-Nashr al-Islāmī al-tābiʻah li-Jamāʻat al-Mudarrisīn bi-Qum,$c1409- [1988 or 1989- ]
=300  \\$av. ;$c25 cm.
=500  \\$aVol. 1 lacks volume numbering.
=500  \\$aVol. 2 published by: Maktab al-Iʻlām al-Islāmī.
=500  \\$a"502."
=500  \\$aVols. 6-7 taḥqīq wa-nashr: Markaz Fiqh al-Aʾimmah al-Aṭhār.
=504  \\$aIncludes bibliographical references.
=505  1\$aal-juzʾ 1. [without special title] -- al-juzʾ 2, 4-5. Kitāb al-Ḥajj -- al-juzʾ 6-7. Kitāb al-Ṣalāh.
=600  10$aKhomeini, Ruhollah.$tTaḥrīr al-wasīlah.
=650  \0$aIslamic law$xInterpretation and construction.$0http://id.loc.gov/authorities/subjects/sh85068455
=710  2\$aMarkaz Fiqh al-Aʾimmah al-Aṭhār (Qum, Iran)
=998  \\$a05/31/94$s9114$nNjP$d05/31/94$cKC$bCAT$i940531$lNJPG
=911  \\$a19940612
=912  \\$a19990519062230.0
=852  81$01017167$brcppa$t1$hKBL$i.F3252 1988$xtr fr arab
=866  \0$01017167$80$ajuzʾ 1-2, 4-7 (published in 1429 [2008 or 2009]
=866  \0$01017167$80$xDESIGNATOR: Juzʾ
=959  \\$a2000-06-13 00:00:00 -0400

