=LDR  02014cam a2200421 a 4500
=001  889963
=003  NjP
=005  20190705142415.0
=008  940602s1990\\\\ir\\\\\\\b\\\\000\0bara\d
=024  7\$aprinceton_aco003040$2local
=040  \\$aNjP$cPUL$dPUL
=035  \\$a(CStRLIN)NJPG94-B31709
=035  \\$9CBD9950TS
=035  \\$a(NjP)889963
=049  \\$aPULL
=035  \\$a(OCoLC)ocm30581866
=110  2\$6880-01$aDar Rāh-i Ḥaqq (Institute).$bHayʼat-i Taḥrīrīyah.$0http://id.loc.gov/authorities/names/n85235869
=245  13$6880-02$aal-Imām al-khāmis, al-Imām Muḥammad ibn ʻAlī al-Bāqir /$cLajnat al-Taḥrīr Fī Ṭarīq al-Ḥaqq ; [tarjamat] Muḥammad ʻAbd al-Munʻim al-Khāqānī.
=250  \\$6880-03$aal-Ṭabʻah 1.
=260  \\$6880-04$aQum :$bMuʼassasat Fī Ṭarīq al-Ḥaqq,$c1369 [1990]
=300  \\$a27 p. ;$c21 cm.
=500  \\$aCover title.
=504  \\$aIncludes bibliographical references.
=600  00$6880-05$aMuḥammad al-Bāqir ibn ʻAlī Zayn al-ʻĀbidīn,$d-731 or 732.$0http://id.loc.gov/authorities/names/n88287630
=650  \0$aImams (Shiites)$xBiography.$0http://id.loc.gov/authorities/subjects/sh2008104277
=880  2\$6110-01/r$aدر راها حق (Institute).$bهيئتا تحريرية.
=880  12$6245-02/r$aالامام الخامس، الامام محمد بن علي الباقر /$cلجنة التحرير في طريق الحق ؛ [ترجمة] محمد عبد المنعم الخاقاني.
=880  \\$6250-03/r$aالطبعة 1.
=880  \\$6260-04/r$aقم :$bمؤسسة في طريق الحق،$c1369 [1990]
=880  04$6600-05/r$aمحمد الباقر بن علي زين العابدين،$d-731 or 732.
=998  \\$a06/02/94$s9114$nNjP$d06/02/94$cKC$bKC$i940602$lNJPG
=911  \\$a19940612
=912  \\$a19961008034528.0
=994  \\$aC0$bPUL
=999  \\$a889963
=979  \\$a(OCoLC)ocn176461050
=852  00$01017660$brcppa$t1$hBP193.15$i.L346 1990$xtr fr arab
=959  \\$a2000-06-13 00:00:00 -0500

