=LDR  01143cam a2200277 a 4500
=001  891936
=003  NjP
=005  20171025093740.0
=008  940609q19801994ir\\\\\\\b\\\\000\0\ara\d
=024  7\$aprinceton_aco002949$2local
=035  \\$a(OCoLC)30631384
=035  \\$a(CStRLIN)NJPG94-B33378
=035  \\$9CBE3547TS
=040  \\$aNjP$cNjP
=100  1\$aBaḥrānī, Ḥasan ibn Ḥusayn,$dd. 1845.
=245  13$aal-Fatāwá al-Ḥusaynīyah fī al-ʻulūm al-Muḥammadīyah /$ctaʾlīf Ḥasan ibn al-Baḥrānī Ḥusayn Āl ʻAṣfūr.
=260  \\$a[Qum] :$bIḥyāʾ al-Iḥyāʾ,$c[198-?]$e(Qum :$fal-Maṭbaʻah al-ʻIlmīyah)
=300  \\$a296 p. ;$c24 cm.
=504  \\$aIncludes bibliographical references.
=600  00$aḤusayn ibn ʻAlī,$d-680.$0http://id.loc.gov/authorities/names/n79142777
=650  \0$aShīʻah$xDoctrines.$0http://id.loc.gov/authorities/subjects/sh85121391
=998  \\$a06/20/94$s9114$nNjP$wNJPG94B33378$d06/09/94$cKC$bKC$i940620$lNJPG
=911  \\$a19940707
=912  \\$a19940620000000.0
=852  00$01020763$brcppa$t1$hBP193.13$i.B337 1980z$xtr fr arab
=959  \\$a2000-06-13 00:00:00 -0500

