=LDR  01736cam a2200409 a 4500
=001  903943
=003  NjP
=005  20171026092752.0
=008  940727s1990\\\\ir\\\\\\\b\\\\000\0\ara\d
=024  7\$aprinceton_aco003421$2local
=035  \\$a(OCoLC)ocn176538803
=040  \\$aNjP$cPUL$dPUL
=035  \\$a(OCoLC)176538803
=035  \\$a(CStRLIN)NJPG94-B44061
=035  \\$9CBG6329TS
=035  \\$a(NjP)903943
=079  \\$aocm30886623
=049  \\$aPULL
=100  1\$6880-01$aMadanī, Riḍā.
=245  10$6880-02$aBarāhīn al-ḥajj lil-fuqahāʼ wa-al-ḥijaj /$cmin muṣannafāt Āyat Allāh al-ʻUẓmá al-Madanī al-al-Kāshānī.
=250  \\$6880-03$aal-Ṭabʻah 3.
=260  \\$6880-04$aKāshān, Īrān :$bal-Madrasah al-ʻIlmīyah al-Āyah Allāh al-ʻUẓmá al-Madanī,$c1411 [1990 or 1991]
=300  \\$a4 v. ;$c24 cm.
=504  \\$aIncludes bibliographical references.
=650  \0$aIslamic law$xInterpretation and construction.$0http://id.loc.gov/authorities/subjects/sh85068455
=650  \0$aMuslim pilprims and pilgrimages.
=880  1\$6100-01/r$aمدني، رضا.
=880  10$6245-02/r$aبراهين الحج للفقهاء والحجج /$cمن مصنفات آية الله العظمى المدني الالكاشاني.
=880  \\$6250-03/r$aالطبعة 3.
=880  \\$6260-04/r$aكاشان، ايران :$bالمدرسة العلمية الاية الله العظمى المدني،$c1411 [1990 or 1991]
=998  \\$a07/27/94$s9114$nNjP$d07/27/94$cKC$bKC$i940727$lNJPG
=911  \\$a19940826
=912  \\$a19940727000000.0
=994  \\$aC0$bPUL
=999  \\$a903943
=852  80$01035883$brcppa$t1$hKBL$i.M3235 1990$xtr fr arab
=959  \\$a2000-06-13 00:00:00 -0400

