=LDR  01597cam a2200409 a 4500
=001  930752
=003  NjP
=005  20171026094208.0
=008  941116s1989\\\\ir\\\\\\\\\\\\000\0\ara\d
=024  7\$aprinceton_aco003615$2local
=035  \\$a(OCoLC)ocn176302343
=040  \\$aNjP$cPUL$dPUL
=035  \\$a(OCoLC)176302343
=035  \\$a(CStRLIN)NJPG94-B69342
=035  \\$9CBM2793TS
=035  \\$a(NjP)930752
=079  \\$aocm37518763$zocm31511157
=049  \\$aPULL
=100  1\$6880-01$aʻĀmilī, Yāsīn ʻĪsá.
=245  13$6880-02$aal-Iṣṭilāḥāt fī al-rasāʼil al-ʻamalīyah /$ctaʼlīf Yāsīn ʻĪsá al-ʻĀmilī.
=250  \\$6880-03$aal-Ṭabʻah 1.
=260  \\$6880-04$aQumm :$bMuʼassasat al-Nashr al-Islāmī,$c1410 [1989 or 1990]
=300  \\$a148 p. ;$c25 cm.
=500  \\$a"534"
=650  \0$aIslamic law$xDictionaries.
=650  \0$aArabic language$xGlossaries, vocabularies, etc.$0http://id.loc.gov/authorities/subjects/sh2007101227
=880  1\$6100-01/r$aعاملي، ياسين عيسى.
=880  12$6245-02/r$aالاصطلاحات في الرسائل العملية /$cتأليف ياسين عيسى العاملي.
=880  \\$6250-03/r$aالطبعة 1.
=880  \\$6260-04/r$aقم :$bمؤسسة النشر الاسلامي،$c1410 [1989 or 1990]
=998  \\$a11/17/94$s9114$nNjP$wNJPG94B69342$d11/16/94$cAAH$bAAH$i941117$lNJPG
=911  \\$a19941201
=912  \\$a19941117000000.0
=994  \\$aC0$bPUL
=999  \\$a930752
=852  80$01069897$brcppa$t1$hKBL$i.A444 1989$xtr fr arab
=959  \\$a2000-06-13 00:00:00 -0400

