=LDR  01346cam a2200313 a 4500
=001  933719
=003  NjP
=005  20171026094419.0
=008  941130s1989\\\\ir\\\\\\\b\\\\00000\ara\d
=024  7\$aprinceton_aco003846$2local
=035  \\$a(OCoLC)31675087
=035  \\$a(CStRLIN)NJPG94-B72096
=035  \\$9CBM7306TS
=040  \\$aNjP$cNjP
=100  2\$aIbn al-Muṭahhar al-Ḥillī, al-Ḥasan ibn Yūsuf,$d1250-1325.$0http://id.loc.gov/authorities/names/n84166554
=245  13$aal-Risālah al-Saʻdīyah /$cal-ʻAllāmah al-Ḥillī Abū Manṣūr Jamāl al-Dīn al-Ḥasan ibn Yūsuf ; ishrāf Maḥmūd al-Marʻashī ; ikhrāj wa-taʻlīq wa-taḥqīq ʻAbd al-Ḥusayn Muḥammad ʻAlī Baqqāl.
=250  \\$aal-Ṭabʻah 1 al-muḥaqqaqah.
=260  \\$aQum :$bBahman,$c1410 [1989 or 1990]
=300  \\$a172 p. ;$c24 cm.
=504  \\$aIncludes bibliographical references.
=500  \\$aCover title.
=650  \0$aIslam$xDoctrines.$0http://id.loc.gov/authorities/subjects/sh85068396
=700  1\$aBaqqāl, ʻAbd al-Ḥusayn Muḥammad ʻAlī.
=700  1\$aMarʻashī, Maḥmūd.
=998  \\$a12/01/94$s9114$nNjP$wNJPG94B72096$d11/30/94$cAAH$bAAH$i941201$lNJPG
=911  \\$a19941209
=912  \\$a19941201000000.0
=852  00$01073433$brcppa$t1$hBP166$i.I263 1989$xtr fr nec
=959  \\$a2000-06-13 00:00:00 -0400

