=LDR  01503cam a2200385 a 4500
=001  935567
=003  NjP
=005  20171026094539.0
=008  941207s1990\\\\ir\\\\\\\\\\\\000\0\ara\d
=024  7\$aprinceton_aco003264$2local
=035  \\$a(OCoLC)ocn176318470
=040  \\$aNjP$cPUL$dPUL
=035  \\$a(OCoLC)176318470
=035  \\$a(CStRLIN)NJPG94-B73715
=035  \\$9CBN0990TS
=035  \\$a(NjP)935567
=079  \\$aocm31707243
=049  \\$aPULL
=100  1\$6880-01$aḤassūn, Fāris.
=245  13$6880-02$aal-Duʻāʼ fī ghaybat al-Qāʼim min Āl Muḥammad, ʻalayhi wa-ʻalayhim al-salām /$ciʻdād Fāris al-Ḥassūn.
=250  \\$6880-03$aal-Ṭabʻah 1.
=260  \\$6880-04$aQum :$bMuʼassasat Qāʼim Āl Muḥammad,$c1410 [1990]
=300  \\$a32 p. ;$c17 cm.
=650  \0$aIslam$vPrayers and devotions.$0http://id.loc.gov/authorities/subjects/sh85068403
=880  1\$6100-01/r$aحسون، فارس.
=880  12$6245-02/r$aالدعاء في غيبة القائم من آل محمد، عليه وعليهم السلام /$cاعداد فارس الحسون.
=880  \\$6250-03/r$aالطبعة 1.
=880  \\$6260-04/r$aقم :$bمؤسسة قائم آل محمد،$c1410 [1990]
=998  \\$a12/09/94$s9114$nNjP$wNJPG94B73715$d12/07/94$cAAH$bAAH$i941209$lNJPG
=911  \\$a19941216
=912  \\$a19941209000000.0
=994  \\$aC0$bPUL
=999  \\$a935567
=852  00$01075615$brcppa$t1$hBP183.3$i.H377 1990$xtr fr arab
=959  \\$a2000-06-13 00:00:00 -0400

