=LDR  02228cam a2200481 a 4500
=001  935628
=003  NjP
=005  20170605130333.0
=008  941207s1990\\\\ir\\\\\\\b\\\\001\0\ara\d
=024  7\$aprinceton_aco003553$2local
=035  \\$a(OCoLC)31706762
=035  \\$a(OCoLC)ocn176318662
=035  \\$a(OCoLC)176318662
=035  \\$a(CStRLIN)NJPG94-B73777
=035  \\$9CBN1051TS
=035  \\$a(NjP)935628
=040  \\$aNjP$cPUL$dPUL
=049  \\$aPULL
=079  \\$aocm31706762
=100  1\$6880-01$aShahīd al-Awwal, Muḥammad ibn Makkī,$d1333 or 1334-1380.$0http://id.loc.gov/authorities/names/n86099913
=240  10$6880-02$aMazār
=245  10$6880-03$aKitāb al-Mazār /$ctaʼlīf Muḥammad ibn Makkī al-ʻĀmilī al-Jizzīnī al-shahīr fī al-āfaāq bi-al-Shahīd al-Awwal ; taḥqīq wa-nashr Madrasat al-Imām al-Mahdī.
=260  \\$6880-04$aQum :$bMuʼassasat al-Imām al-Mahdī,$c1410 [1990]
=300  \\$a292 p. ;$c25 cm.
=440  \0$6880-05$aMadrasat al-Imām al-Mahdī$v45
=504  \\$aIncludes bibliographical references (p. 292) and indexes.
=650  \0$aShiite shrines.$0http://id.loc.gov/authorities/subjects/sh85121431
=650  \0$aImams (Shiites)$0http://id.loc.gov/authorities/subjects/sh85064480
=650  \0$aMuslim pilgrims and pilgrimages.$0http://id.loc.gov/authorities/subjects/sh85089070
=740  0\$6880-06$aMazār.
=880  1\$6100-01/r$aشهيد الاول، محمد بن مكي،$d1333 or 1334-1380.
=880  10$6240-02/r$aمزار
=880  10$6245-03/r$aكتاب المزار /$cتأليف محمد بن مكي العاملي الجزيني الشهير في الافاق بالشهيد الاول ؛ تحقيق ونشر مدرسة الامام المهدي.
=880  \\$6260-04/r$aقم :$bمؤسسة الامام المهدي،$c1410 [1990]
=880  \0$6440-05/r$aمدرسة الامام المهدي$v45
=880  0\$6740-06/r$aمزار.
=998  \\$a01/26/95$s9114$nNjP$wNJPG94B73777$d12/07/94$cAAH$bDUM$i950126$lNJPG
=911  \\$a19950202
=912  \\$a19950126000000.0
=994  \\$aC0$bPUL
=999  \\$a935628
=852  00$01075681$brcppa$t1$hBP194.6.A2$iS534 1990$xtr fr nec
=959  \\$a2000-06-13 00:00:00 -0400

