=LDR  02403cam a2200493 a 4500
=001  939859
=003  NjP
=005  20190705142658.0
=008  941222m18009999ua\\\\\\\\\\\\000\0\ara\d
=024  7\$aprinceton_aco004153$2local
=035  \\$a(CStRLIN)NJPG94-B77457
=035  \\$9CBN8322TS
=035  \\$a(NjP)939859
=040  \\$aNjP$cPUL$dPUL
=049  \\$aPULL
=035  \\$a(OCoLC)ocm31823698
=100  1\$6880-01$aShāfiʻī, Muḥammad Bīk.
=240  10$6880-02$aSirāj al-wahhāj fī-mā yataʻallaqu bi-al-tashkhīṣ wa-al-ʻilāj
=245  13$6880-03$aal-Juzʼ al-awwal min Kitāb al-Sirāj al-wahhāj fī-mā yataʻallaqu bi-al-tashkhīṣ wa-al-ʻilāj /$ctaʼlīf Muḥammad Bīk al-Shāfiʻī al-Ṭabīb.
=260  \\$6880-04$a[Cairo? :$bs.n.,$c18--?]-
=300  \\$av. ;$c25 cm.
=650  \0$aDiagnosis$0http://id.loc.gov/authorities/subjects/sh85037489
=650  \0$aPathology$0http://id.loc.gov/authorities/subjects/sh85098685
=740  0\$6880-05$aSirāj al-wahhāj fī-mā yataʻallaqu bi-al-tashkhīṣ wa-al-ʻilāj.
=740  0\$6880-06$aKitāb al-Sirāj al-wahhāj fī-mā yataʻallaqu bi-al-tashkhīṣ wa-al-ʻilāj.
=856  4\$uhttp://catalog.hathitrust.org/Record/009031844
=880  1\$6100-01/r$aشافعي، محمد بيك.
=880  10$6240-02/r$aسراج الوهاج فيما يتعلق بالتشخيص والعلاج
=880  12$6245-03/r$aالجزء الاول من كتاب السراج الوهاج فيما يتعلق بالتشخيص والعلاج /$cتأليف محمد بيك الشافعي الطبيب.
=880  \\$6260-04/r$a[القاهرة؟ :$bس.ن.،$c18-؟]
=880  0\$6740-05/r$aسراج الوهاج فيما يتعلق بالتشخيص والعلاج.
=880  0\$6740-06/r$aكتاب السراج الوهاج فيما يتعلق بالتشخيص والعلاج.
=856  4\$uhttp://hdl.handle.net/2027/njp.32101076415833$v3 (juz 1-2)
=998  \\$a01/05/95$s9114$nNjP$wNJPG94B77457$d12/22/94$cAAH$bAAH$i950105$lNJPG
=911  \\$a19950115
=912  \\$a19950105000000.0
=994  \\$aC0$bPUL
=999  \\$a939859
=979  \\$a(OCoLC)ocn176334963
=852  01$01080200$brcppa$t1$hRC71$i.S523 1800z$xtr fr arab
=866  \0$01080200$80$ajuzʾ 1-2
=866  \0$01080200$80$zDESIGNATOR: juzʾ
=852  8\$08686239$belf1$hElectronic Resource
=959  \\$a2000-06-08 00:00:00 -0500

