=LDR  01666cam a2200385 a 4500
=001  941340
=003  NjP
=005  20190705142703.0
=008  950106s1865\\\\ua\\\\\\\\\\\\000\0\ara\d
=024  7\$aprinceton_aco004226$2local
=035  \\$a(CStRLIN)NJPG95-B1311
=035  \\$9CBP1018TS
=035  \\$a(NjP)941340
=040  \\$aNjP$cPUL$dPUL
=049  \\$aPULL
=019  \\$a31859145
=035  \\$a(OCoLC)ocm19475020$z(OCoLC)ocm31859145
=100  1\$6880-01$aBājūrī, Ibrāhīm ibn Muḥammad,$d1783 or 4-1860.$0http://id.loc.gov/authorities/names/n84030637
=245  10$6880-02$aḤāshiyat al-Imām Shaykh al-Islām al-Shaykh al-Bayjūrī ʻalá al-Samarqandīyah fī al-Bayān.
=260  \\$6880-03$aBūlāq :$bMaṭbaʻat Būlāq al-Khudaywīyah,$c1282 [1865]
=300  \\$a71 p. ;$c21 cm.
=650  \0$aArabic language$xRhetoric.$0http://id.loc.gov/authorities/subjects/sh2007101225
=880  1\$6100-01/r$aباجوري، ابراهيم بن محمد،$d1783 or 4-1860.
=880  10$6245-02/r$aحاشية الامام شيخ الاسلام الشيخ البيجوري على السمرقندية في البيان.
=880  \\$6260-03/r$aبولاق :$bمطبعة بولاق الخديوية،$c1282 [1865]
=856  4\$uhttp://hdl.handle.net/2027/njp.32101073505883
=998  \\$a01/11/95$s9114$nNjP$wNJPG95B1311$d01/06/95$cAAH$bAAH$i950111$lNJPG
=911  \\$a19950119
=912  \\$a19950111000000.0
=994  \\$aC0$bPUL
=999  \\$a941340
=979  \\$a(OCoLC)ocn176340784
=852  80$01081978$brcppa$t1$h2267.1134.B2.343 1865$xtr fr f
=852  8\$08686259$belf1$hElectronic Resource
=959  \\$a2000-06-08 00:00:00 -0500

