=LDR  01807cam a2200457 a 4500
=001  969105
=003  NjP
=005  20171026100641.0
=008  950428s1990\\\\ir\\\\\\\bd\\\001\0\ara\d
=024  7\$aprinceton_aco002906$2local
=035  \\$a(OCoLC)ocn176479021
=035  \\$a(OCoLC)32477581
=040  \\$aNjP$cPUL$dPUL
=035  \\$a(OCoLC)176479021
=035  \\$a(CStRLIN)NJPG95-B27332
=035  \\$9CBT4643TS
=035  \\$a(NjP)969105
=043  \\$ama-----
=079  \\$aocm32477581
=049  \\$aPULL
=100  1\$6880-01$aMāmaqānī, Muḥammad Riḍā.
=245  10$6880-02$aMuʻjam al-rumūz wa-al-ishārāt /$ctaʼlīf Muḥammad Riḍā al-Māmaqānī.
=250  \\$6880-03$aal-Ṭabʻah 1.
=260  \\$6880-04$aQum :$bMihr,$c1411 [1990]
=300  \\$a553 p. ;$c25 cm.
=504  \\$aIncludes bibliographical references (p. [527]-547) and indexes.
=650  \0$aSigns and symbols$zArab countries$vDictionaries$xArabic.
=650  \0$aLearning and scholarship$zArab countries$xAbbreviations$vDictionaries$xArabic.
=650  \0$aArabic language$vGlossaries, vocabularies, etc.$0http://id.loc.gov/authorities/subjects/sh2007101227
=650  \0$aAbbreviations, Arabic.$0http://id.loc.gov/authorities/subjects/sh93006495
=880  1\$6100-01/r$aمامقاني، محمد رضا.
=880  10$6245-02/r$aمعجم الرموز والاشارات /$cتأليف محمد رضا المامقاني.
=880  \\$6250-03/r$aالطبعة 1.
=880  \\$6260-04/r$aقم :$bمهر،$c1411 [1990]
=998  \\$a05/02/95$s9114$nNjP$wNJPG95B27332$d04/28/95$cAAH$bAAH$i950502$lNJPG
=911  \\$a19950511
=912  \\$a19950929034314.0
=994  \\$aC0$bPUL
=999  \\$a969105
=852  00$01115596$brcppa$t1$hPJ6620$i.M353 1990$xtr fr arab
=959  \\$a2000-06-13 00:00:00 -0500

