=LDR  01218cam a2200277 a 4500
=001  984377
=003  NjP
=005  20171026101521.0
=008  950629s1983\\\\ir\c\\\\\b\\\\000|0\ara\d
=024  7\$aprinceton_aco003912$2local
=035  \\$a(OCoLC)32861605
=035  \\$a(CStRLIN)NJPG95-B40539
=035  \\$9CBV2706TS
=040  \\$aNjP$cNjP
=100  0\$aShaykh al-Sharīʻah al-Aṣfahānī,$d1850-1920 or 21.$0http://id.loc.gov/authorities/names/nr89017818
=245  10$aAḥkām al-ṣalāh /$cbaḥth Shaykh al-Sharīʻah al-Aṣfahānī ; taʾlīf Muḥammad Ḥusayn al-Subḥānī.
=260  \\$aIṣfahān :$bMaktabat al-Imām Amīr al-Muʾminīn ʻAlī (al-ʻĀmmah),$c1404 [1983]
=300  \\$a320 p. :$bports. ;$c25 cm.
=504  \\$aIncludes bibliographical references.
=650  \0$aPrayer$xIslam.$0http://id.loc.gov/authorities/subjects/sh85106123
=700  1\$aSubḥānī, Muḥammad Ḥusayn,$d1882-1972.$0http://id.loc.gov/authorities/names/nr95031466
=998  \\$a07/11/95$s9114$nNjP$wNJPG95B40539$d06/29/95$cAAH$bAAH$i950711$lNJPG
=911  \\$a19950720
=912  \\$a19950711000000.0
=852  00$01134170$brcppa$t1$hBP178$i.S529 1983$xtr fr nec
=959  \\$a2000-06-13 00:00:00 -0400

