=LDR  01583cam a2200409 a 4500
=001  984381
=003  NjP
=005  20171026101521.0
=008  950630s1989\\\\ir\\\\\\\b\\\\000\0\ara\d
=024  7\$aprinceton_aco002622$2local
=035  \\$a(OCoLC)32861617
=035  \\$a(OCoLC)ocn176572692
=035  \\$a(OCoLC)176572692
=035  \\$a(CStRLIN)NJPG95-B40622
=035  \\$9CBV2710TS
=035  \\$a(NjP)984381
=040  \\$aNjP$cPUL$dPUL
=049  \\$aPULL
=079  \\$aocm32861617
=100  1\$6880-01$aʻUṣfūr, Muḥsin.
=245  10$6880-02$aItḥāf al-fuqahāʼ fī taḥqīq masʼalat ikhtilāf al-qirāʼāt wa-al-qurrāʼ /$ctaʼlīf Muḥsin Āl ʻUṣfūr.
=250  \\$6880-03$aal-Ṭabʻah 1.
=260  \\$6880-04$a[Iran] :$bMaktabat al-ʻAzīzī,$c1410 [1989]
=300  \\$a104 p. ;$c25 cm.
=504  \\$aIncludes bibliographical references.
=630  00$aQurʼan$xReadings.$0http://id.loc.gov/authorities/subjects/sh85072983
=880  1\$6100-01/r$aعصفور، محسن.
=880  10$6245-02/r$aاتحاف الفقهاء في تحقيق مسألة اختلاف القراءات والقراء /$cتأليف محسن آل عصفور.
=880  \\$6250-03/r$aالطبعة 1.
=880  \\$6260-04/r$a[ايران] :$bمكتبة العزيزي،$c1410 [1989]
=998  \\$a07/10/95$s9114$nNjP$wNJPG95B40622$d06/30/95$cAAH$bAAH$i950710$lNJPG
=911  \\$a19950720
=912  \\$a19950710000000.0
=994  \\$aC0$bPUL
=999  \\$a984381
=852  00$01134174$brcppa$t1$hBP131.5$i.U838 1989$xtr fr arab
=959  \\$a2000-06-13 00:00:00 -0500

