=LDR  01714cam a2200433 a 4500
=001  985875
=003  NjP
=005  20171027093104.0
=008  950628s1990\\\\ir\\\\\\\b\\\\000\0\ara\d
=024  7\$aprinceton_aco003036$2local
=035  \\$a(OCoLC)ocn176579976
=040  \\$aNjP$cPUL$dPUL
=035  \\$a(OCoLC)176579976
=035  \\$a(CStRLIN)NJPG95-B40282
=035  \\$9CBV4229TS
=035  \\$a(NjP)985875
=079  \\$aocm32884516
=049  \\$aPULL
=100  1\$6880-01$aNajafī, Hādī.
=245  13$6880-02$aal-Arbaʻūn ḥadīthan :$bfī man yamlaʼu al-arḍ qisṭan wa-ʻadlan /$ctaʼlīf Hādī al-Najafī.
=250  \\$6880-03$aal-Ṭabʻah 1.
=260  \\$6880-04$a[Qom?] :$bNashr al-Hidāyah,$c1411 [1990]
=300  \\$a91, [1] p. ;$c24 cm.
=504  \\$aIncludes bibliographical references (p. 81-[86]).
=650  \0$aMahdism.$0http://id.loc.gov/authorities/subjects/sh85079850
=600  10$6880-05$aMahdī, Muḥammad ibn al-Ḥasan,$db. 869.$0http://id.loc.gov/authorities/names/n84077035
=650  \0$aHadith.
=880  1\$6100-01/r$aنجفي، هادي.
=880  12$6245-02/r$aالاربعون حديثن :$bفي من يملأ الارض قسطن وعدلن /$cتأليف هادي النجفي.
=880  \\$6250-03/r$aالطبعة 1.
=880  \\$6260-04/r$a[قم؟] :$bنشر الهداية،$c1411 [1990]
=880  10$6600-05/r$aمهدي، محمد بن الحسن،$dب. 869.
=998  \\$a07/17/95$s9114$nNjP$wNJPG95B40282$d06/28/95$cAAH$bAAH$i950717$lNJPG
=911  \\$a19950727
=912  \\$a19950918055500.0
=994  \\$aC0$bPUL
=999  \\$a985875
=852  00$01135892$brcppa$t1$hBP166.93$i.N342 1990$xtr fr arab
=959  \\$a2000-06-13 00:00:00 -0500

