=LDR  01165cam a2200301 a 4500
=001  985881
=003  NjP
=005  20171027093105.0
=008  950629s1989\\\\ir\\\\\\\b\\\\00000\ara\d
=024  7\$aprinceton_aco003411$2local
=035  \\$a(OCoLC)32884522
=035  \\$a(CStRLIN)NJPG95-B40429
=035  \\$9CBV4235TS
=040  \\$aNjP$cNjP
=100  0\$aMashkīnī, ʻAlī.
=245  10$aRisālah ʻilmīyah wa-ʻamalīyah musammāh bi-al-Fiqh al-maʾthūr wa-al-uṣūl al-mutalaqqāh /$cli-Āyat Allāh al-Mashkīnī.
=246  12$aFiqh al-maʾthūr wa-al-uṣūl al-mutalaqqāh
=250  \\$aal-Ṭabʻah 1.
=260  \\$aQum :$bDaftar Nashr al-Hādī,$c1410 [1989 or 1990]
=300  \\$a458 p. ;$c25 cm.
=504  \\$aIncludes bibliographical references.
=650  \0$aIslamic law.$0http://id.loc.gov/authorities/subjects/sh85068454
=650  \0$aShīʻah.$0http://id.loc.gov/authorities/subjects/sh85121390
=998  \\$a07/19/95$s9114$nNjP$wNJPG95B40429$d06/29/95$cAAH$bAAH$i950719$lNJPG
=911  \\$a19950727
=912  \\$a19950719000000.0
=852  80$01135898$brcppa$t1$hKBL$i.M573 1989$xtr fr arab
=959  \\$a2000-06-13 00:00:00 -0400

