=LDR  01065cam a2200277 a 4500
=001  987715
=003  NjP
=005  20171027093250.0
=008  950721s1989\\\\ir\\\\\\\b\\\\001|0\ara\d
=024  7\$aprinceton_aco004679$2local
=035  \\$a(OCoLC)32930016
=035  \\$a(CStRLIN)NJPG95-B44558
=035  \\$9CBV6653TS
=040  \\$aNjP$cNjP
=100  1\$aRifāʻī, ʻAbd al-Jabbār.
=245  13$aal-Tablīgh wa-al-iʻlām al-Islāmī /$cʻAbd al-Jabbār al-Rifāʻī.
=250  \\$aal-Ṭabʻah 1.
=260  \\$aṬihrān :$bMuʻāwinīyat al-ʻAlāqāt al-Dawlīyah fī Munaẓẓamat al-Iʻlām al-Islāmī,$c1989.
=300  \\$a282 p. ;$c22 cm.
=504  \\$aIncludes bibliograpical references (p. 279-282) and indexes.
=650  \0$aIslam$xBibliography.$0http://id.loc.gov/authorities/subjects/sh2008104956
=998  \\$a07/28/95$s9114$nNjP$wNJPG95B44558$d07/21/95$cAAH$bAAH$i950728$lNJPG
=911  \\$a19950804
=912  \\$a19950728000000.0
=852  00$01138001$brcppa$t1$hZ7835.M6$iR532 1989$xtr fr arab
=959  \\$a2000-06-13 00:00:00 -0500

